4358 5648
201 564 445 657 censeatur,
486 559 558 666 qai
590 564 744 635 tonbcm
772 549 1030 658 intellipant,
1066 557 1114 628 at
1141 551 1185 627 in
1216 549 1314 628 locis
1342 549 1637 659 difficilioribus
1667 550 1896 660 offendant,

200 689 273 768 aad
300 715 384 767 nou
410 686 647 793 intellipunt
674 694 844 784 marm,
876 689 925 761 ut
949 709 1064 760 suum
1093 682 1237 790 cuiqam
1265 680 1574 790 relinquendam
1603 708 1687 760 esse
1716 683 1896 783 videant,

202 830 245 899 ot
277 814 384 899 illud
422 815 618 918 evitabit,
663 843 715 894 ne
749 815 844 892 dam
877 814 1013 891 omnio
1047 811 1104 889 ud
1135 838 1258 891 unam
1293 819 1336 891 et
1368 841 1483 893 suom
1518 841 1702 894 marnam
1738 810 1897 923 confor-

202 977 315 1028 mare
342 948 464 1047 velit,
507 973 560 1024 ex
593 946 727 1024 ἀεσιηη
747 943 940 1051 judiciis,
977 969 1084 1052 quoe
1107 950 1335 1049 proponat,
1379 946 1452 1022 uir
1475 972 1601 1024 uuum
1626 953 1701 1025 aut
1726 946 1900 1025 atonem

201 1078 502 1187 probabilitatis
542 1077 723 1186 aliquam
765 1077 934 1183 specum
977 1071 1150 1175 babeat,
1202 1100 1339 1182 neque
1378 1074 1643 1184 arrogantiae
1685 1074 1899 1157 illecebris

205 1208 419 1318 capietur,
464 1206 533 1288 eui
569 1216 685 1286 recte
714 1204 822 1286 vidit
855 1203 1017 1284 nullum
1053 1202 1298 1285 criticorum
1334 1232 1468 1314 genus
1501 1207 1635 1316 magis
1669 1207 1899 1289 obnoxium

206 1367 321 1420 esse:
356 1365 452 1417 rcum
477 1366 601 1449 qaum
631 1340 710 1446 ipsi
735 1338 885 1416 sentire
911 1336 1144 1436 uideantur,
1177 1336 1417 1447 quantulum
1442 1341 1691 1445 arpumentis
1717 1338 1898 1440 cubant,

206 1468 441 1549 demiratdo
470 1476 513 1546 et
537 1468 681 1547 satos
709 1467 973 1575 appellando,
1016 1468 1153 1577 siqui
1182 1466 1513 1573 aliterjadioore
1541 1469 1736 1572 aadeaut,
1776 1472 1899 1550 ratio·

205 1627 297 1679 nem
333 1601 453 1710 quusi
487 1607 638 1678 terrere
673 1626 722 1678 oc
756 1601 916 1678 vincere
953 1605 1258 1678 omutaeoertmt.
1339 1594 1465 1678 Nune
1503 1607 1643 1678 tamen
1681 1597 1726 1680 id
1763 1600 1900 1710 ipsum

205 1728 386 1810 maxime
409 1726 642 1809 curandam
664 1737 752 1832 est,
774 1726 952 1837 nequis
976 1725 1180 1838 praecisis
1201 1724 1389 1836 Zumptii
1412 1727 1707 1837 negationibus
1729 1729 1902 1811 territus

207 1859 461 1942 Ciceronem
489 1851 562 1940 vel'
586 1854 728 1938 omnia
756 1856 822 1940 rel
851 1855 1018 1965 singula
1046 1885 1153 1966 quae
1182 1857 1227 1936 in
1258 1857 1326 1938 bis
1357 1856 1548 1969 epistoiis
1573 1858 1772 1970 leguntur
1798 1861 1903 1942 scri·

207 1994 309 2077 bere
336 2016 421 2072 non
442 1990 642 2101 ‘potuisse
671 1987 841 2092 credat3
880 1984 995 2098 quod
1026 1995 1079 2066 ut·
1099 1984 1182 2065 rite
1210 1993 1253 2064 et
1281 1984 1558 2094 ordinabat,
1597 1990 1778 2101 primum
1811 1992 1902 2102 qui-
1972 1983 1974 1988 ’

208 2119 303 2202 dem
333 2120 400 2204 vel
427 2121 510 2204 boc
540 2122 745 2241 monebo,
764 2117 977 2200 etiamsi
1003 2117 1143 2198 minus
1168 2115 1480 2198 inconsiderate
1508 2147 1557 2201 ac
1586 2119 1737 2203 leviter
1763 2122 1899 2232 plera·
2054 2181 2055 2184 w

207 2280 290 2363 que
318 2280 343 2332 a
369 2253 567 2365 Zumptio
599 2238 854 2367 reprehensa
882 2258 1046 2355 essent,
1085 2235 1253 2361 omnem
1282 2275 1424 2329 rerum
1451 2258 1773 2362 temporumque
1804 2280 1903 2335 con-

212 2380 449 2488 dicionem,
493 2412 575 2492 qua
607 2382 705 2464 iliae
740 2391 783 2463 et
817 2381 919 2463 oiim
951 2377 1132 2492 scriptae
1164 2387 1206 2461 et
1239 2378 1471 2489 antiquitus
1505 2378 1640 2463 lectae
1672 2392 1715 2463 et
1741 2384 1901 2465 nostris

212 2513 406 2595 manibus
430 2512 610 2594 traditae
633 2523 749 2618 sunt,
774 2520 932 2595 tantam
955 2508 1190 2626 medicinae
1212 2510 1476 2594 atrocitatem
1501 2539 1720 2619 recusare3
1753 2513 1905 2597 deinde

213 2674 314 2726 vero
349 2641 402 2724 ad
437 2642 603 2752 singula
637 2665 867 2726 conversus
903 2672 999 2724 eum
1031 2672 1077 2724 se
1111 2641 1353 2753 Zumptium
1390 2642 1630 2727 exhibuisse
1667 2637 1931 2752 ostendam,'

214 2774 337 2886 eujus
374 2774 418 2854 in
457 2772 536 2855 bac
580 2773 825 2884 quaestione
864 2757 1138 2884 dijudicanda
1175 2774 1348 2864 omnino
1388 2773 1504 2858 nulla
1545 2778 1775 2860 auctoritas
1812 2805 1906 2861 esse
1939 2794 1942 2800 ’

111 2973 121 2988 .
214 2905 374 3017 possit3
414 2910 631 3014 postremo
667 2902 802 3016 ipsam
832 2896 948 2986 illam
980 2902 1200 3016 epistolam
1232 2904 1420 3015 quintam
1452 2903 1658 2987 decimam
1694 2909 1752 2990 ita
1786 2936 1905 2989 enar·

214 3040 336 3140 rabo,
368 3045 415 3116 ut
441 3035 744 3118 sententiarum
771 3065 941 3147 quoque
967 3022 1158 3118 tenorem
1180 3046 1223 3117 et
1250 3065 1404 3118 nexum
1425 3034 1634 3122 Cicerone
1662 3040 1904 3153 neutiqua

217 3164 435 3274 indignum
464 3195 558 3249 esse
587 3168 779 3278 probem.
