4418 5648
199 598 301 699 quasi
331 606 392 665 aut
423 592 571 665 consilia
602 590 846 664 obmutescant
876 594 914 663 in
944 589 1037 663 bello
1070 603 1130 664 out
1162 614 1370 691 quacunque
1402 590 1446 664 de
1477 617 1516 663 re
1547 592 1771 666 consulentes
1803 593 1886 667 deli-

198 727 433 820 beruntesque
456 719 629 817 principis
656 717 804 815 alicujus
830 720 897 788 viri
926 719 1136 790 auctoritate
1160 730 1197 789 et
1220 715 1381 812 exemplo
1407 717 1511 789 facile
1538 730 1700 813 careant3
1735 718 1779 791 de
1804 733 1889 793 tem·

198 851 344 949 poribus
372 860 488 919 autem
514 870 604 942 quac
634 856 835 941 argutantur,
869 847 907 915 io
937 844 1116 917 celeritate
1148 845 1288 942 quidem
1315 843 1508 940 plauimum
1539 870 1613 916 esse
1640 847 1814 942 posituim,
1852 849 1890 916 io

201 977 412 1074 temporibus
436 971 495 1045 uel
517 969 612 1041 nitet
634 968 693 1041 vel
716 972 848 1061 omniu,
875 972 986 1067 ipsius
1010 969 1196 1044 Ciceronis
1219 967 1336 1042 verbis
1360 970 1571 1061 refutantur,
1594 973 1656 1068 qui
1678 973 1778 1042 Fam.
1799 970 1886 1043 XV.

200 1102 269 1195 15,
301 1113 490 1199 postquam
516 1121 730 1169 communem
758 1096 907 1169 salutem
932 1097 1179 1171 incolomitate
1204 1097 1348 1168 victoris
1373 1097 1525 1192 positam
1552 1098 1663 1195 famae
1692 1096 1800 1189 dixit,
1835 1099 1889 1168 sic

199 1230 334 1327 pergit:
370 1226 508 1297 ammam
539 1233 656 1296 cutem
688 1223 900 1319 temporibus
907 1272 920 1313 ,
957 1247 1047 1321 quae
1071 1223 1264 1319 plurimam
1296 1221 1435 1314 ualeat,
1475 1224 1684 1320 praesertim
1715 1224 1752 1292 in
1787 1223 1890 1295 bellis

202 1354 363 1427 civilibus
387 1365 454 1424 ctc.
507 1348 582 1422 Sed
605 1350 693 1421 lmec
718 1348 915 1441 sufficiant,
946 1373 990 1421 ne
1015 1349 1072 1422 vel
1095 1349 1240 1424 verbum
1264 1349 1356 1422 ultra
1381 1348 1513 1423 dixisse
1536 1348 1676 1439 videar,
1712 1375 1816 1448 quam
1843 1348 1889 1420 ad

202 1485 315 1578 ipsum
351 1479 424 1551 litis
458 1486 704 1574 argumentum
740 1500 886 1548 necesse
921 1485 1017 1569 erat3
1060 1500 1260 1574 quenquam
1298 1474 1336 1545 id
1373 1474 1462 1548 adeo
1478 1477 1696 1573 ‚Zumptiuni
1735 1478 1888 1548 nominis

201 1608 328 1678 honori
362 1603 488 1695 tribui,
530 1614 569 1674 ut
603 1604 778 1700 integrum
814 1602 1087 1699 disputationem
1121 1599 1167 1672 ad
1204 1601 1311 1673 linem
1350 1628 1463 1701 usquc
1499 1626 1752 1700 persequercr3
1796 1601 1889 1675 idem

202 1746 338 1823 tumen,
378 1733 409 1802 si
435 1732 492 1801 cni
522 1731 627 1802 etiam
657 1755 751 1800 nunc
781 1729 885 1798 nimis
914 1740 1020 1800 tenax
1050 1740 1111 1800 aut
1140 1728 1406 1824 superstitiosus
1433 1729 1471 1799 in
1503 1740 1648 1802 externa
1680 1731 1888 1802 auctoritate

201 1858 332 1933 tuenda
358 1882 521 1949 censear,
553 1859 590 1927 in
616 1858 695 1953 ipso
720 1854 945 1928 refutationis
970 1853 1041 1925 fine
1068 1852 1237 1924 candidus
1262 1853 1452 1949 profiteor,
1484 1854 1573 1927 nihil
1596 1855 1683 1927 milui
1709 1858 1888 1953 acceptius

202 1985 298 2076 sore,
330 2009 434 2081 quam
460 1985 491 2054 si
514 1983 702 2078 Zumptius
734 1978 879 2053 eandem
909 1979 1000 2052 hanc
1032 1978 1323 2075 disputationem,
1355 1981 1393 2049 in
1419 2005 1488 2077 qua
1520 1981 1705 2053 refutanda
1729 1993 1890 2055 versatus
1966 1963 1977 1978 ⁸

203 2136 299 2200 sum,
337 2136 358 2180 a
391 2109 535 2181 falsario
566 2110 623 2182 vel
654 2107 886 2180 declamatore
919 2105 1037 2202 aliquo
1067 2104 1194 2176 illustri
1226 2131 1291 2177 suo
1318 2107 1452 2177 nomini
1482 2108 1700 2204 suppositum
1727 2134 1805 2181 esse
1831 2106 1888 2179 de·

203 2238 461 2310 monstraverit.

315 2364 360 2434 P.
380 2367 424 2435 P.
451 2364 488 2434 in
512 2360 706 2435 Academia
735 2358 892 2456 Georgia
916 2356 1083 2456 Augusta
1109 2381 1155 2426 m.
1181 2355 1308 2428 Sextili
1335 2383 1366 2428 a.
1391 2356 1696 2433 offlcccxnv.
