4418 5648
382 553 487 624 quam
515 491 701 621 epistolae,
727 547 817 618 quac
844 524 875 593 si
900 524 1051 594 maxime
1076 521 1196 618 spuria
1223 521 1280 612 sit,
1306 520 1361 594 vel
1384 521 1437 593 sic
1460 521 1554 593 illius
1581 534 1731 596 sentem
1751 522 1858 624 longe
1879 527 2083 623 antecedat,

382 658 442 755 qui
476 653 574 753 quod
607 650 705 723 illum
739 662 823 747 post
855 652 1153 746 proscriptionem
1188 647 1328 723 demum
1359 649 1405 720 ad
1436 650 1588 722 Brutum
1629 652 1765 750 fugisse
1799 652 1907 725 tradit
1926 655 1998 755 59),
2038 685 2082 729 ne

381 784 604 882 propositum
637 778 779 876 quidem
803 777 928 851 babuit
954 791 1152 875 temporum
1182 777 1341 852 ordinem
1367 803 1527 869 servare,
1560 777 1624 850 sed
1649 779 1735 852 illud
1758 792 1895 854 tantum
1920 785 2012 881 egit,
2043 799 2083 856 ut

380 913 573 1009 insignium
609 908 890 1006 proscriptorum
923 906 1086 978 fortunas
1120 919 1158 980 et
1191 907 1306 978 exitus
1332 918 1492 979 narraret
1499 930 1525 1000 3*
1550 931 1665 1004 neque
1694 920 1756 979 aut
1780 911 1855 982 veri
1882 911 1995 982 simile
2029 925 2082 983 est

374 1040 518 1137 juveni,
557 1036 659 1134 cujus
692 1046 791 1106 tanta
815 1035 1029 1107 existimatio
1062 1046 1174 1128 esset,
1206 1037 1313 1107 etiam
1343 1048 1428 1132 post
1455 1035 1752 1132 proscriptionem
1778 1038 1846 1110 iter
1876 1039 1914 1108 in
1939 1037 2082 1111 hostilia

380 1179 497 1239 castra
522 1166 700 1262 patuisse,
731 1175 792 1234 aut
814 1163 1005 1261 quicquam
1033 1187 1160 1235 causae
1191 1174 1354 1260 apparet,
1386 1188 1452 1234 cur
1470 1161 1663 1236 Messalam
1685 1167 1979 1262 proscripserint,
2013 1167 2081 1237 uisi

381 1321 461 1366 eum
489 1294 564 1392 jam
592 1305 667 1366 tum
699 1289 793 1387 apud
816 1290 970 1361 Brutum
1002 1289 1132 1388 degere
1162 1300 1355 1385 noverunt,
1391 1288 1542 1390 denique
1568 1304 1607 1362 ut
1632 1315 1769 1361 summa
1792 1290 1961 1390 Appiano
1992 1294 2079 1367 tides

378 1433 536 1514 constet,
571 1418 694 1520 quidni
727 1442 934 1490 censeamus
959 1416 1153 1490 Messalam
1181 1416 1256 1514 jam
1288 1431 1392 1493 anton
1421 1420 1491 1491 iter
1521 1417 1566 1490 ad
1589 1419 1740 1491 Brutum
1766 1418 1895 1491 fecisse
1927 1420 2080 1519 indeque

376 1563 459 1623 ante
483 1548 782 1646 proscriptionem
804 1546 956 1619 Romam
978 1543 1153 1625 rediisse?
1203 1545 1323 1616 Unum
1348 1547 1459 1643 igitur
1482 1558 1610 1638 restat,
1637 1557 1676 1617 ut
1698 1543 1859 1644 singulae
1883 1551 2079 1623 sentcntiae

376 1678 558 1749 bominum
584 1699 772 1771 rerumque
798 1672 963 1772 dignitati
990 1673 1220 1768 conveniant,
1255 1701 1325 1774 qua
1350 1677 1388 1745 in
1413 1699 1520 1747 causa
1546 1688 1763 1772 quantopere
1788 1675 1975 1772 Zumptius
2003 1702 2079 1749 cae

376 1807 505 1893 cutiat,
528 1801 604 1899 jam
626 1803 665 1871 in
687 1802 834 1875 exordio
857 1800 1028 1899 epistolae
1048 1814 1213 1898 apparet,
1238 1801 1300 1873 ubi
1319 1802 1505 1875 Ciceronis
1528 1801 1654 1873 rerba:
1681 1804 1807 1900 peribus
1832 1804 1942 1901 ipitnr
1967 1804 2078 1877 literis

374 1942 446 2001 tam
472 1939 637 2001 accurate
660 1931 804 2025 scriptis
827 1931 968 2029 assequi
991 1954 1134 2026 posnan
1158 1930 1323 2002 subtilius
1352 1942 1392 2003 nt
1416 1930 1608 2028 explicem,
1643 1932 1692 2002 ita
1717 1929 1856 2003 demum
1881 1931 1942 2002 illo
1969 1932 2077 2030 digna

373 2059 451 2130 sore
476 2068 590 2154 putat,
615 2054 677 2127 ubi
702 2070 764 2129 aut
789 2069 860 2129 tam
886 2061 923 2128 in
949 2058 1107 2157 quaruuis
1132 2068 1288 2131 mutetur
1313 2071 1374 2131 aut
1390 2070 1461 2130 tam
1486 2069 1651 2130 accurate
1670 2060 1813 2155 scriptis
1835 2071 1911 2131 tota
1936 2061 2076 2158 ejician-

372 2200 451 2282 tur,
478 2211 548 2284 epo
563 2209 648 2258 sero
665 2187 895 2258 omniarccte
914 2184 1108 2283 procedere
1127 2183 1292 2276 arbitror,
1308 2185 1416 2261 modo
1434 2189 1637 2284 sequentia:
1662 2213 1766 2287 qrmm
1785 2188 1816 2257 ir
1832 2189 1900 2258 tibi
1912 2201 2073 2285 exponet,

372 2341 446 2386 non
475 2339 495 2383 a
522 2313 761 2409 comparativo
793 2312 979 2402 stultitius,
1019 2339 1124 2411 qnem
1156 2309 1314 2384 absolute
1346 2311 1614 2410 intelligendum
1648 2339 1794 2406 censeo,
1830 2314 1892 2387 sed
1921 2315 1965 2386 ab
1998 2318 2073 2412 ipsa

374 2441 549 2538 particula
573 2451 646 2512 tana
672 2437 950 2537 suspendamus:
981 2444 1085 2537 cupio
1113 2442 1180 2511 tibi
1200 2439 1365 2511 subtilius
1388 2439 1587 2536 explicare,
1616 2467 1706 2541 perne
1730 2455 1898 2541 parantur
1919 2470 2076 2544 quaeque

372 2572 442 2640 sirit
474 2570 511 2637 in
545 2592 584 2639 rc
612 2566 779 2664 publica,
816 2568 856 2637 id
887 2578 1002 2639 nutem
1028 2580 1068 2640 nt
1101 2593 1288 2669 assequar,
1326 2566 1445 2638 nullas
1478 2567 1599 2640 literas
1628 2581 1699 2641 tam
1730 2582 1893 2646 accurate
1923 2574 2075 2646 scribere

369 2722 532 2793 possum,
567 2721 672 2794 quum
699 2693 792 2792 (scil.
819 2695 997 2794 comate)
1025 2696 1056 2766 is
1081 2697 1149 2766 tibi
1172 2706 1342 2793 exponet,
1377 2697 1441 2794 qui
1463 2707 1497 2768 ct
1524 2699 1653 2793 optime
1679 2700 1798 2769 ornain
1822 2701 1920 2771 novit
1945 2711 1978 2771 et
2004 2701 2073 2772 elc-

368 2825 572 2921 pantisrimc
604 2822 771 2917 expedire
801 2833 836 2892 et
868 2822 1006 2920 deferre
1036 2824 1086 2895 ad
1117 2836 1152 2897 te
1180 2835 1308 2921 potest.
1344 2872 1348 2879 ·
1372 2825 1416 2894 ln
1447 2823 1515 2893 bac
1547 2826 1625 2921 ipsa
1654 2850 1738 2896 vero
1762 2824 1940 2898 Messalae
1969 2824 2071 2899 lande

372 2949 469 3048 quod
495 2949 678 3020 cavillatur
703 2948 898 3047 elegantiae
922 2949 1012 3022 nihil
1035 2951 1106 3023 loci
1131 2952 1260 3045 luisse,
1295 2963 1387 3024 certe
1411 2953 1554 3023 mininie
1580 2977 1719 3024 curasse
1739 2951 1895 3024 Brutum
1919 2979 2002 3026 neem
2028 2979 2071 3026 ea

371 3079 527 3177 eleganti
547 3078 708 3149 oratione
727 3078 800 3148 eibi
818 3091 1051 3151 sternerentur
1070 3105 1133 3153 nec
1155 3105 1201 3153 ne
1227 3078 1353 3178 (ipsius
1376 3080 1534 3177 Zumptii
1557 3083 1769 3176 scripturam
1789 3077 1921 3181 sides),
1947 3108 2071 3155 vercor

370 3236 415 3280 ne
447 3208 563 3278 miuus
597 3205 646 3276 illi
682 3207 852 3277 orationis
885 3209 1007 3279 arirtuti
1038 3207 1172 3280 tribuat
1205 3235 1310 3307 quam
1341 3219 1475 3283 veteres
1509 3208 1638 3279 secisse
1667 3234 1711 3280 ex
1742 3211 1853 3307 ipsius
1881 3209 2067 3284 Ciceronis

372 3335 522 3434 epistola
545 3332 592 3404 ad
618 3332 697 3407 Ser.
720 3331 919 3432 Sulpicium
943 3335 1045 3407 Fam.
1063 3335 1130 3408 lv.
1150 3333 1178 3406 ll
1202 3335 1450 3434 intelligimus,
1476 3333 1537 3409 ubi
1562 3337 1593 3406 si
1618 3336 1848 3412 subtilitatem
1871 3351 1907 3412 ct
1929 3339 2066 3437 elepan-

372 3469 457 3536 tiam
495 3463 692 3534 arctissime
723 3461 830 3560 jungi
869 3461 1047 3556 videmus,
1086 3474 1209 3536 nostro
1251 3489 1392 3562 quoqne
1434 3465 1515 3537 loeo
1557 3464 1652 3537 haud
1691 3469 1768 3539 scio
1808 3492 1854 3537 an
1885 3469 2066 3564 aptissima

370 3595 417 3663 sit
442 3617 524 3682 vox,
555 3617 625 3689 qua
642 3589 772 3663 Cicero
794 3590 1014 3683 declaratae,
1040 3617 1085 3663 ne
1106 3593 1137 3662 si
1159 3591 1457 3689 elegantissimam
1484 3594 1626 3691 quidem
1651 3594 1836 3691 epistolam
1852 3596 2065 3689 scripsisset,

367 3735 438 3792 tam
454 3731 630 3791 accurate
656 3744 697 3789 ac
724 3718 900 3792 subtiliter
924 3745 998 3791 rem
1013 3744 1199 3818 ¹exponere
1223 3721 1401 3815 potuisse,
1436 3747 1540 3820 quam
1565 3721 1721 3792 Messala
1745 3745 1863 3792 coram
1889 3721 2065 3793 narrando

369 3850 528 3921 lactruus
558 3849 626 3941 sit,
664 3846 772 3944 hujus
804 3836 1199 3945 igiturnnarrautionem'
1217 3861 1252 3919 et
1285 3847 1461 3946 elegantia
1487 3861 1523 3920 et
1553 3846 1746 3920 subtilitate
1779 3874 1862 3920 suae
1893 3851 2063 3947 epistolae
2118 3887 2121 3892 ·

368 3980 481 4047 instar
515 3976 593 4048 sore
613 3973 678 4072 4⁰).
706 4076 709 4085 Ι
741 3974 818 4045 Nec
847 3975 1036 4072 justiorem
1068 3974 1348 4071 reprehendendi
1377 4000 1520 4046 causam
1544 3974 1715 4072 praebent
1739 3979 1943 4072 sequentia:
1978 4002 2063 4049 cave

363 4135 407 4142 —„
415 4133 537 4142 „„..-.-.-
575 4128 777 4139 *mmo—n·-

437 4194 482 4259 39)
502 4195 572 4246 Bell.
592 4195 646 4244 cir.
667 4193 715 4245 lV.
733 4192 782 4246 38:
806 4190 949 4249 Maeoniae
971 4194 1002 4244 dl
1026 4191 1149 4260 insparsis
1173 4197 1217 4243 rut
1237 4196 1291 4249 eisc
1316 4195 1340 4247 ic
1360 4193 1478 4260 Βροῦτον
1504 4192 1595 4255 ἕφυγν
1621 4188 1770 4241 καὶ-αὐτοῦ
1792 4192 1923 4248 δείσαντες
1947 4192 1969 4241 oi
1992 4205 2061 4261 τρεῖς

365 4292 395 4345 ei
420 4293 537 4363 φρόνημα
558 4291 732 4363 apoiirpapar
757 4283 849 4347 siluae·
880 4294 933 4342 inst
951 4281 1093 4345 Maecilius
1111 4288 1248 4358 ἀπέφηναν
1270 4284 1332 4356 ἡμῖν
1355 4289 1377 4336 οἱ
1398 4289 1566 4357 apocrisariis
1586 4284 1657 4354 αὐτῷ
1679 4291 1746 4357 μηδὲ
1761 4291 1899 4356 tanqam
1922 4283 1963 4341 liar
1983 4289 2060 4347 Iliun
2093 4340 2097 4345 .

365 4395 471 4461 Καισαρ
491 4386 621 4460 ἀνῄρητο,
643 4385 778 4459 ἐξῃρήσθω
796 4393 848 4439 τῶν
864 4393 1086 4458 nperpsptie'rrur
1105 4383 1121 4438 ὅ
1136 4388 1290 4445 Μεσσάλας·
1314 4383 1328 4437 «i
1347 4388 1377 4438 dl
1395 4385 1445 4453 sair
1462 4389 1507 4445 ule
1525 4385 1675 4453 συγγνώμην
1691 4382 1739 4438 crin
1756 4388 1858 4443 iditum
1877 4408 1936 4442 m.
1947 4391 1970 4440 t.

435 4488 480 4552 40)
500 4488 583 4538 Recte
602 4487 712 4537 omuino
732 4484 862 4537 Matthiae
884 4485 920 4536 ed
938 4486 997 4536 Cio.
1015 4504 1066 4555 psa
1085 4486 1162 4537 Sulla
1180 4484 1267 4537 aaa,
1295 4484 1434 4556 elegantia
1456 4482 1575 4539 cernitur
1599 4485 1630 4534 in
1654 4482 1787 4554 stipendis
1812 4486 1847 4534 iis
1870 4501 1940 4553 querc
1965 4487 2061 4553 cuique

366 4590 493 4655 ternporr',
522 4587 599 4646 loeo,
628 4583 783 4636 eersdieioni
806 4581 1007 4636 accommodata
1023 4586 1096 4644 sinte
1122 4600 1173 4638 ace
1196 4584 1219 4635 ti
1241 4582 1341 4634 Cicero·
1356 4583 1418 4632 ttae.
1439 4580 1509 4631 lbi
1533 4584 1642 4650 ametiste
1663 4582 1816 4650 loquentem
1838 4593 2000 4634 contemnere
2021 4585 2059 4634 ait

367 4684 515 4735 disseruerit
536 4685 715 4755 elequentiam,
740 4680 851 4732 dubium
871 4688 928 4740 eat,
955 4681 1021 4748 qula
1044 4682 1069 4733 ci
1093 4696 1200 4750 quoque
1220 4681 1357 4752 stepanus
1375 4679 1459 4731 tribui
1482 4683 1589 4748 pessit,
1609 4681 1672 4748 qui,
1698 4688 1729 4730 ut
1747 4681 1869 4748 ejusdem
1887 4681 1977 4731 verbis
1998 4689 2059 4731 ntur

366 4784 443 4833 Orat.
464 4783 516 4833 ill.
535 4782 584 4846 ll,
611 4782 752 4843 distinete,
780 4783 829 4852 qni
845 4781 994 4850 expellente,
1022 4781 1071 4848 prii
1090 4778 1290 4838 aburatlnnters
1306 4779 1531 4848 qui=illuminate
1549 4787 1575 4828 et
1596 4778 1674 4829 relus
1692 4787 1719 4828 et
1736 4778 1823 4829 uerbis
1842 4777 1933 4835 diaeta
1959 4777 2058 4843 quibus
