4418 5648
247 536 330 631 jam
362 532 569 605 renuatiari
601 530 732 602 Bibuli
760 533 805 603 de
840 530 952 601 tribas
989 528 1115 627 ieratis
1146 526 1267 624 pridie
1303 528 1378 625 ejus
1409 529 1485 601 diei
1517 531 1758 630 [repereram
1793 556 1952 630 nequer

255 660 424 734 translata
457 658 720 758 significatione
750 669 887 731 remota
918 655 1093 748 arbitror,
1134 681 1225 755 quac
1255 652 1432 728 habentur
1462 655 1584 728 Dicin.
1609 657 1661 729 Π.
1680 653 1751 730 to:
1785 663 1954 765 ¹proriam

256 789 372 861 leostic
404 788 530 860 litatur
558 813 664 884 saepe
692 786 931 883 pulcherrime
938 835 951 876 ,
990 778 1333 859 etN.l).11.32=
1369 784 1488 855 casaris
1517 786 1676 882 culperis
1706 811 1779 861 esse
1807 800 1955 862 marrae

255 928 290 988 et
323 918 370 987 ob
405 940 448 987 eo
482 915 720 1013 pulcherrime
751 915 849 1011 rcpi,
892 926 932 986 nt
963 915 1102 986 mittam
1134 910 1306 1008 Epicurei
1339 908 1396 982 dei
1434 913 1685 1010 cogitationem
1717 915 1804 989 ibid.
1830 918 1861 988 1..
1881 914 1953 988 dl:

257 1043 347 1115 mibi
374 1043 524 1139 palclrc
558 1052 629 1131 cst,
667 1065 732 1139 epo
765 1043 887 1115 lesura
917 1069 1014 1135 scm,
1054 1064 1145 1141 qnae
1172 1041 1245 1112 etsi
1271 1065 1320 1122 cx
1351 1037 1458 1136 hujus
1491 1051 1610 1112 mente
1638 1044 1733 1115 serio
1763 1043 1860 1118 dicta
1888 1058 1955 1138 est,

255 1185 420 1244 tamena
448 1169 624 1244 Cicerone
657 1194 738 1244 cum
769 1170 934 1242 irrisione
968 1168 1160 1267 conjuncta
1185 1194 1264 1242 csse
1287 1166 1459 1242 videatur.
1509 1165 1652 1241 Deinde
1670 1195 1755 1242 vero
1777 1170 1955 1270 quidhoc

257 1309 332 1392 est,
371 1298 468 1398 qnod
500 1309 609 1396 negat
646 1297 756 1370 latine
789 1295 861 1369 dici
893 1324 971 1370 som
1004 1297 1119 1368 alieri
1149 1295 1261 1367 odio?
1299 1295 1398 1395 qnod
1432 1305 1473 1367 nt
1503 1293 1649 1387 efficiat,
1686 1298 1837 1394 proclivi
1868 1325 1954 1373 sane

257 1427 408 1498 artificio
434 1428 564 1518 utitur,
589 1437 631 1497 nt
655 1423 771 1497 sicubi
797 1426 851 1496 sic
872 1425 1031 1525 legatur,
1055 1451 1101 1497 ex
1120 1421 1267 1496 arbitrio
1288 1422 1477 1497 lectionem
1498 1435 1631 1516 mutet,
1655 1434 1695 1495 ut
1716 1450 1783 1520 pro
1801 1426 1955 1499 Murena

258 1580 290 1625 o
307 1551 382 1646 40,
415 1554 475 1626 nbi
501 1556 539 1624 in
565 1550 728 1624 omnibus
752 1551 853 1625 libris
879 1565 953 1626 cst:
984 1552 1191 1644 rimemini,
1227 1561 1267 1623 at
1290 1550 1463 1623 koissimc
1486 1552 1625 1643 dicans,
1659 1552 1743 1623 odio
1767 1577 1833 1625 aec
1858 1556 1976 1626 sicmi-

256 1706 320 1754 esec
347 1682 497 1753 militiae
519 1681 619 1781 ferit,v
638 1679 698 1753 ille
720 1682 759 1751 irs
784 1681 868 1752 odio
890 1680 1015 1776 reponi
1036 1678 1159 1777 jubet,
1185 1680 1269 1777 quis
1290 1680 1343 1750 sic
1365 1680 1414 1752 sit
1433 1679 1480 1751 cd
1499 1677 1581 1753 Ait.
1595 1680 1646 1752 11.
1661 1676 1709 1750 21
1733 1693 1770 1753 et
1789 1681 1895 1754 XIV.
1911 1678 1953 1777 l3

257 1820 364 1905 utque
390 1808 492 1879 lucca
516 1807 687 1905 expellat,
720 1819 839 1881 tamen
863 1833 977 1907 usqne
1001 1819 1162 1881 recmrct
1185 1805 1271 1883 ibid.
1291 1808 1362 1880 111.
1383 1803 1451 1878 19:
1477 1809 1574 1907 quod
1596 1819 1631 1880 ct
1656 1807 1841 1882 celebritas
1866 1809 1957 1882 mibi

258 1936 341 2007 odio
365 1946 436 2026 est,
466 1947 507 2007 nt
531 1962 576 2008 ne
602 1935 649 2007 sd
668 1935 861 2033 Virgilium
886 1934 1029 2035 quidem
1053 1934 1163 2009 rediri
1187 1961 1276 2034 opus
1301 1937 1367 2029 sit,
1391 1961 1496 2033 quem
1519 1947 1615 2009 certe
1636 1935 1746 2009 latiae
1766 1938 1953 2034 Zumptins
2043 2002 2046 2007 ,

256 2064 445 2161 scripsisse
482 2062 654 2137 concedet
686 2063 767 2136 Ecl.
798 2062 905 2137 vill.
930 2059 1003 2134 55:
1049 2065 1201 2163 &mque
1237 2064 1305 2134 tibi
1337 2075 1389 2135 est
1421 2065 1505 2135 odio
1540 2087 1618 2135 mes
1646 2064 1770 2162 fistals
1802 2066 1954 2164 daosqsw

257 2189 417 2287 capellae
438 2190 504 2292 3⁶).
1543 2233 1545 2236 ·

1059 2452 1158 2560 111.

368 2651 555 2723 Hactenus
582 2651 626 2723 de
651 2649 788 2744 verbis,
824 2676 914 2748 qnae
948 2651 1016 2722 ctsi
1047 2675 1120 2721 non
1154 2652 1289 2746 omnia,
1323 2653 1439 2750 qualia
1472 2664 1603 2754 quanta
1635 2654 1672 2723 in
1703 2649 1759 2732 liis
1794 2648 1953 2745 epistolis

256 2775 443 2876 leguntur,
485 2780 635 2877 geminis
662 2779 831 2877 exemplis
860 2777 1062 2884 confirmari
1088 2780 1249 2877 possint,
1284 2779 1354 2852 hoc
1383 2780 1508 2853 saltem
1534 2778 1685 2876 piurima
1715 2774 1953 2871 exemplorum

258 2905 358 3000 copia
391 2904 669 2980 demonstratum
703 2933 782 2979 esse
815 2902 987 2998 arbitror,
1027 2931 1132 3005 quam
1172 2905 1280 3002 fallax
1314 2931 1435 2978 eornm
1469 2904 1643 3005 judicium
1671 2904 1750 2997 sit,
1790 2904 1852 3001 qni
1885 2899 1953 2973 sihi

259 3033 387 3104 veteris
414 3035 587 3106 sermonis
614 3034 906 3107 consuetudinem
931 3035 980 3106 ite
1012 3032 1138 3105 callere
1167 3031 1347 3126 videntur,
1379 3043 1420 3105 ut
1443 3033 1513 3103 hoc
1537 3029 1671 3102 indicio
1696 3028 1777 3101 libri
1803 3029 1953 3128 alicujus

259 3161 553 3234 existimationem
585 3174 712 3261 regant
729 3162 800 3264 37);
835 3188 880 3234 ne
913 3163 993 3259 quis
1024 3173 1141 3234 tamen
1173 3158 1211 3231 id
1243 3171 1339 3233 certe
1371 3160 1539 3258 Zumptio
1573 3161 1789 3244 successisse
1821 3158 1953 3252 credat,

258 3405 406 3455 identidem
431 3405 492 3455 sine
518 3402 575 3453 nlla
599 3399 725 3453 irrisione
752 3401 909 3454 translatam
933 3400 1089 3471 usurparit,
1116 3401 1155 3453 ita
1181 3400 1269 3471 ipsius
1288 3397 1428 3453 Ciceronis
1453 3400 1575 3470 aequalis
1599 3407 1627 3453 ct
1653 3401 1795 3453 familiaris
1816 3399 1953 3468 Sulpicius

257 3502 332 3552 Fam.
349 3502 396 3552 lv.
412 3502 442 3556 bs
465 3500 594 3559 uidimus,
615 3500 717 3571 iuquit,
740 3500 886 3571 aliquoties
903 3499 1047 3553 emadan
1062 3500 1244 3571 pulcherrime
1261 3507 1288 3550 te
1306 3500 1378 3568 serre
1393 3499 1543 3569 sorem.
1581 3499 1636 3552 Sed
1653 3497 1720 3554 baec
1739 3499 1841 3559 cbitcrc
1866 3513 1953 3566 reque

257 3601 330 3653 esim
348 3600 434 3668 ipsius
453 3599 594 3650 Ciceronis
611 3598 668 3652 loci
685 3601 799 3660 desunt,
826 3601 873 3670 qui
891 3600 934 3653 rel
952 3599 1171 3654 fastidiosissime
1189 3598 1347 3650 safielacere
1362 3599 1489 3652 debeant.
1754 3670 1758 3678 Ι

328 3695 374 3762 di)
393 3699 517 3750 Poteram
540 3698 620 3751 etism
637 3697 735 3750 Titinii
753 3700 876 3768 exemplo
895 3700 937 3752 nti
956 3717 988 3751 ex
1003 3698 1118 3750 Geni-a
1135 3698 1210 3767 apud
1225 3697 1341 3750 Nonium
1360 3716 1388 3768 p.
1402 3697 1471 3748 ldis
1496 3699 1540 3748 sia
1558 3695 1649 3767 [orsas
1667 3694 1729 3746 odio
1748 3714 1822 3754 sara,
1847 3695 1953 3748 tandem

258 3802 288 3844 ast
306 3794 425 3845 osoribus
440 3794 564 3864 piscessss
577 3798 652 3857 oiro;
669 3803 698 3848 at
716 3813 799 3866 qnam
816 3796 858 3848 ibi
875 3803 990 3849 metm
1008 3794 1245 3866 transpositionem
1263 3795 1389 3864 flagitare
1405 3778 1544 3847 visuum
1561 3794 1604 3845 sis
1623 3791 1686 3843 odio
1704 3810 1762 3843 rusa
1778 3793 1867 3861 forma
1887 3799 1952 3851 etc„

258 3890 413 3959 corrigendi
432 3890 548 3943 facultas
567 3894 773 3963 relinquebatur
793 3896 958 3947 adverseris.
1387 3893 1390 3901 ’

329 3986 374 4052 37)
393 3988 493 4040 Facere
517 4004 571 4040 non
595 4007 705 4059 possum
726 3993 792 4061 qnia
811 3991 943 4059 Madvigii
965 4007 1073 4060 quoquc
1098 3991 1197 4054 rerba,
1221 4010 1300 4062 quem
1317 3988 1376 4060 ipse
1395 3991 1538 4059 Zanptias
1558 3989 1788 4061 eliquatissima
1807 3989 1954 4040 transisse·-
1989 4021 1991 4025 ψ

250 4083 374 4156 jadicem
392 4086 529 4156 appellat,
552 4086 686 4139 ascribam
704 4107 736 4139 ex
754 4088 873 4158 Opuscc.
895 4090 919 4148 l,
940 4107 969 4159 p.
985 4088 1052 4150 192,
1079 4088 1127 4139 ubi
1145 4091 1179 4140 de
1198 4089 1371 4141 Catilinarise
1390 4094 1502 4157 quartae
1521 4063 1749 4140 obtrectatoribus
1766 4105 1860 4156 agens,
1879 4093 1953 4155 post·

257 4201 337 4252 quam
357 4185 509 4236 universam
527 4183 721 4258 &holstiensis
736 4206 822 4258 pesae
840 4205 922 4258 qasss
939 4187 1034 4239 multa.
1045 4186 1146 4239 babeat
1161 4187 1259 4258 futilis
1277 4188 1396 4241 monuit:
1420 4185 1548 4255 pessa.
1571 4184 1672 4252 inquit.
1694 4185 1733 4237 sel
1749 4203 1807 4236 esss
1824 4184 1954 4237 secedant

258 4283 377 4332 torsisse
399 4301 433 4333 ss
457 4285 498 4334 its
518 4282 625 4354 quidem
649 4284 683 4335 sb
707 4287 794 4354 ipsias
815 4283 954 4336 Ciceroas's
977 4283 1094 4337 lecticae.
1113 4287 1254 4346 moscii,
1282 4295 1315 4338 rrt
1335 4282 1404 4356 quid
1425 4285 1462 4334 sit
1485 4284 1515 4333 irs
1539 4282 1635 4352 aliquo
1659 4283 1718 4335 iseo
1743 4283 1884 4354 singulare
1907 4299 1954 4332 rsec

257 4379 328 4432 «titt
351 4380 427 4450 spari
450 4399 508 4433 ears
528 4384 665 4453 positam,
692 4399 746 4433 ιιοιι
769 4383 868 4434 esoiis
892 4384 986 4435 lexicis
1000 4381 1145 4455 judieeat3
1177 4382 1274 4434 deissde
1296 4385 1326 4434 iss
1347 4400 1402 4434 sss
1420 4382 1515 4451 sliqas
1540 4380 1633 4432 libello
1653 4389 1751 4432 aotsat
1767 4389 1794 4431 et
1810 4386 1956 4447 excerperet

257 4479 412 4549 sispaleris
435 4497 483 4530 ace
504 4483 642 4553 repitent,
670 4499 753 4552 qauas
773 4489 880 4551 prsetcr
900 4479 1040 4533 Ciceronis
1064 4480 1149 4532 libros
1166 4498 1200 4531 ex
1217 4480 1268 4532 bae
1287 4488 1375 4530 cetste
1391 4480 1478 4548 psacs'
1492 4480 1629 4548 saper-siat
1647 4487 1672 4529 et
1689 4495 1722 4530 cx
1739 4478 1804 4528 sliis
1821 4473 1957 4527 scribendi

258 4578 416 4646 perscribas,
443 4594 524 4647 quasa
542 4578 628 4630 ssslta
651 4596 754 4630 accerse
776 4579 813 4629 sit
828 4578 1000 4648 singularia,
1023 4581 1180 4650 praesertim
1198 4580 1228 4630 irs
1249 4587 1370 4636 orstsrc,
1397 4596 1466 4637 erse,
1492 4596 1540 4630 aee
1557 4579 1663 4635 sciant,
1689 4577 1714 4626 si
1738 4585 1792 4626 tam
1810 4571 1955 4642 diliqeater

260 4691 348 4725 omnes
368 4672 507 4726 Ciceronis
531 4675 617 4728 libros
637 4686 863 4745 pertractassent,
889 4678 918 4728 ia
940 4678 1064 4729 omnibus
1086 4693 1171 4746 seque
1191 4675 1363 4747 cinysium,
1389 4679 1419 4727 iss
1437 4677 1530 4729 raaldi
1554 4675 1635 4746 longe
1657 4673 1741 4743 plara
1757 4690 1786 4722 se
1804 4679 1956 4740 reperturos

257 4772 358 4840 lisr'ssee
385 4791 432 4824 aee
452 4782 550 4834 teneret,
576 4791 629 4845 qao
648 4773 726 4825 sardo
747 4775 813 4825 baec
823 4773 981 4846 judicanda
999 4775 1070 4834 siret,
1095 4784 1126 4825 st
1143 4783 1301 4845 quaeratur,
1324 4774 1402 4843 quisi,
1427 4775 1478 4825 etri
1494 4771 1623 4842 exemplis
1641 4788 1695 4822 aoss
1711 4768 1843 4838 Ιίνιιιοιιιι,
1868 4778 1956 4820 temes
