4358 5648
205 557 447 628 domam
485 555 587 625 nobb
609 553 820 651 ‘meisque
846 553 950 625 rebus
983 552 1107 652 offerri
1135 574 1259 647 posse,
1299 551 1334 622 si
1364 551 1441 650 qao
1468 576 1512 624 ca
1540 577 1631 652 quoe
1659 557 1791 629 trudito
1818 559 1905 646 abst,

208 686 302 756 tueri
332 682 455 754 omasi
485 683 668 752 ratione
700 679 820 771 molit,
858 705 1001 780 eampse
1033 680 1229 769 laudem,
1265 683 1559 780 pauo-quondum
1588 682 1634 752 ab
1660 683 1909 780 impopnossdis

203 811 355 883 morium
394 811 568 880 ocoeribas
598 808 828 904 scriptoribus
861 808 1063 907 moerenda
1096 832 1170 879 esse
1199 808 1407 898 videbatur,
1451 833 1545 880 nuno
1575 809 1648 880 sat
1678 809 1909 908 defendendis

209 939 363 1011 inveniri
385 962 463 1008 noss-
478 961 582 1032 posse
599 933 926 1027 ros·bitrctar,1illud
952 935 1115 1032 cuiqnam
1141 933 1352 1026 concedam,
1374 945 1415 1005 ut
1434 936 1466 1005 si
1492 937 1572 1033 quis
1597 935 1674 1032 ipse
1695 938 1909 1010 calumnian-

208 1067 263 1137 dis
291 1065 511 1162 antiquitatis
536 1064 774 1136 monumentis
797 1063 987 1137 laureolam
1013 1073 1149 1159 captet,
1167 1064 1212 1135 ‘ei
1237 1065 1300 1162 qui
1324 1086 1398 1133 non
1421 1061 1536 1134 laudm
1563 1063 1679 1161 aliqua
1701 1064 1909 1162 cupiditate,

211 1194 312 1292 cujus
339 1190 502 1291 equidem
529 1213 654 1262 causas
675 1191 803 1287 procul
820 1188 955 1283 babeo,
980 1189 1044 1262 sed
1068 1193 1147 1263 veri·
1167 1211 1285 1264 amore
1310 1191 1458 1289 ipsaque
1482 1192 1534 1263 rei
1550 1191 1769 1290 indignitate
1790 1205 1908 1266 motus

211 1319 256 1391 ad
286 1321 375 1392 baec
408 1315 631 1391 defendenda
664 1329 852 1417 exsurgat,
884 1317 980 1390 velut
1005 1314 1238 1416 Gorgoneum
1270 1329 1378 1415 caput
1404 1319 1672 1414 superstitiosae
1696 1319 1907 1393 traditorum

212 1446 454 1521 admirationis
488 1443 656 1516 invidiam
693 1444 859 1543 objiciat,
902 1470 996 1543 quae
1026 1457 1068 1517 ut
1090 1444 1224 1519 fraude
1257 1455 1318 1517 aut
1350 1470 1470 1517 errore
1505 1449 1683 1544 corrumpi
1714 1449 1907 1545 potuerint,

211 1587 353 1648 cautum
384 1585 503 1647 tanam
528 1571 686 1669 judicem
711 1597 757 1644 ne
776 1570 929 1666 indiciis
961 1570 1123 1671 quidem,
1156 1600 1245 1672 quac
1271 1571 1430 1646 iraudmn
1456 1586 1605 1671 arguere
1629 1572 1831 1663 videantur,
1865 1599 1907 1646 co

212 1703 325 1800 abripi
348 1726 414 1799 par
439 1711 513 1792 est,
540 1711 581 1772 ut
604 1700 749 1773 mitiore·
768 1699 1057 1795 interpretatione
1082 1702 1268 1799 proposita
1290 1727 1390 1774 ream
1414 1699 1575 1792 damnet,
1605 1725 1627 1772 a
1652 1699 1754 1798 cujus
1779 1704 1851 1774 vita
1873 1713 1910 1773 et

214 1830 479 1904 existimatione·
497 1825 579 1900 talis
605 1829 763 1901 criminis
791 1828 949 1925 suspicio
975 1827 1096 1900 aliena.
1113 1829 1172 1899 sit.
1200 1824 1355 1926 ¹Atque
1378 1827 1449 1898 boc
1472 1827 1555 1899 loco
1580 1825 1668 1898 illud
1691 1825 1841 1900 libenter
1864 1852 1909 1899 ex

213 1956 422 2030 novenario
445 1980 631 2053 quaeram
669 1968 789 2031 utrum
824 1966 969 2026 censeat
998 1955 1159 2052 integros
1191 1963 1319 2026 novam
1354 1953 1486 2047 libros,
1524 1966 1613 2054 quot
1644 1952 1831 2026 Ciceronis
1863 1953 1909 2025 ad

212 2084 363 2157 Brutum
396 2082 508 2155 fuisse
535 2083 646 2156 Nonii
662 2083 1055 2156 -testimoaiocsnstat
1070 2077 1123 2181 Ξ5),
1158 2104 1189 2151 a·
1210 2078 1446 2152 declamatore
1476 2083 1632 2179 scriptos
1665 2107 1763 2172 csse,
1796 2106 1909 2178 coque

212 2212 355 2285 nomine
380 2211 486 2284 etiam
512 2234 555 2282 ea
578 2209 777 2307 fragmenta
798 2208 962 2301 vdamet,
995 2233 1088 2306 quac
1111 2205 1206 2305 apud
1232 2205 1511 2299 Quintilium,
1543 2205 1726 2299 Servium
1753 2207 1910 2278 Priscia-

213 2365 297 2411 num
329 2364 374 2411 cx
405 2335 585 2435 prioribus
615 2334 715 2408 libris
746 2332 1057 2434 memorantur-4),
1089 2359 1135 2406 an
1159 2345 1294 2407 tantam
1323 2333 1487 2407 fortunae
1517 2345 1660 2408 nostrae
1686 2334 1909 2432 iniquitatem

213 2467 325 2538 fuisse
351 2476 472 2562 putet,
504 2475 545 2535 ut
575 2464 713 2535 amissis
745 2463 926 2561 genuinis·
942 2461 1150 2535 subditicios
1181 2461 1219 2532 in
1249 2458 1408 2558 ejusdem
1434 2459 1568 2533 codicis
1597 2462 1773 2559 principio
1804 2460 1910 2533 collo·

214 2602 397 2683 curentur,
438 2615 460 2659 a
491 2614 563 2687 quo
596 2589 674 2661 solo
705 2601 744 2662 et
758 2651 762 2657 .
777 2588 1006 2687 epistolarum
1037 2587 1083 2661 ad
1113 2584 1294 2669 Atticum.
1310 2600 1348 2661 et
1378 2613 1498 2661 earum
1533 2615 1623 2688 quae
1656 2588 1702 2660 ad
1735 2589 1910 2680 Quintum

214 2719 361 2790 fratrem
386 2714 652 2809 inscribuntur,
678 2718 871 2790 auctoritas
895 2716 1052 2814 pendet?
1111 2715 1276 2806 Quorum
1300 2716 1332 2786 ai
1356 2716 1456 2812 prius
1480 2716 1645 2813 elegerit,
1678 2728 1714 2790 et
1740 2714 1828 2788 illud
1853 2742 1910 2790 cx·

212 2843 333 2941 pediat
363 2842 486 2938 velim,
524 2842 703 2942 quomodo
734 2845 904 2917 intanta
928 2869 1040 2937 curs,
1073 2854 1205 2943 quauta
1236 2845 1400 2916 extremis
1434 2844 1620 2917 Ciceronis
1654 2845 1755 2916 anuis
1788 2868 1910 2915 omnes

124 2972 128 2981 ’
159 3063 164 3074 ¹
214 2971 294 3070 ejus
318 2971 488 3068 epistolas
511 2969 558 3042 ad
576 2970 760 3062 Hirtium,
778 2970 834 3042 «ad
858 2972 1037 3064 Pansam,
1058 2972 1105 3043 ad
1130 2969 1386 3065 Octavianum,
1415 2970 1462 3043 ad
1484 2970 1650 3045 Marcum
1673 2971 1785 3043 filium
1811 2971 1910 3043 datas

213 3140 265 3154 —
294 3100 397 3172 mitto
430 3125 491 3172 eas
523 3123 613 3195 quae
644 3098 704 3170 ad«
721 3098 771 3171 Ι).
786 3099 969 3192 Brutum,
1000 3098 1195 3192 Plancum,
1232 3096 1417 3190 Gessium,
1456 3097 1555 3170 alios.
1577 3099 1670 3172 inter
1702 3083 1909 3170 Familiares

214 3225 382 3323 leguntur
401 3267 453 3281 --
477 3222 714 3321 peculiaribus
735 3223 836 3296 libris
858 3225 1025 3300 collectas
1048 3252 1127 3300 esse
1150 3226 1328 3320 videmus,
1354 3226 1399 3298 ad
1418 3225 1533 3298 solum
1552 3224 1607 3300 Μ.
1621 3226 1773 3298 Brutum
1795 3223 1910 3296 nullae

215 3363 373 3426 servatae
405 3353 495 3444 siut,
531 3348 594 3422 scd
620 3339 854 3445 declamatore
880 3378 969 3451 opus
1002 3353 1128 3447 fuerit,
1161 3354 1223 3451 qui
1248 3379 1334 3443 ,eum
1366 3352 1544 3444 deiectum
1576 3379 1620 3425 cx
1651 3351 1823 3450 ingenioli
1854 3351 1912 3422 sui

216 3481 329 3577 copiis
360 3477 558 3576 suppleret,
594 3486 630 3549 et
657 3504 765 3551 unum
795 3479 883 3551 mibi
913 3479 1184 3557 declamatorem
1215 3506 1262 3552 ex
1292 3489 1368 3552 tota
1399 3490 1513 3552 aetate
1546 3490 1714 3576 argentea
1748 3477 1912 3552 exhibeat

215 3647 266 3660 -
288 3606 371 3678 buic
397 3606 510 3696 enim,
541 3603 573 3674 si
597 3614 694 3676 recte
718 3605 893 3699 intellexi,
924 3617 1065 3680 nostras
1090 3607 1215 3681 tribuit
1232 3606 1264 3707 ⁶)
1285 3649 1337 3662 -—
1362 3604 1464 3704 cujus
1492 3604 1530 3677 id
1553 3606 1754 3703 ingenium,-
1787 3631 1829 3676 ea
1854 3628 1910 3676 so·

287 3794 314 3860 3)
338 3795 419 3859 Quod
441 3795 565 3864 plerique
590 3804 648 3846 oete
672 3792 757 3844 tuisse
781 3795 897 3856 docent,
922 3796 1005 3847 Nonii
1027 3796 1177 3849 editoribus
1202 3795 1333 3855 debetur,
1358 3793 1406 3862 qai
1429 3744 1536 3859 uulgari
1560 3796 1712 3843 nostrarum
1735 3789 1911 3859 epistolarum

218 3895 399 3962 descriptione
418 3893 538 3962 decepti.
559 3907 609 3961 pro
627 3909 697 3942 acac
716 3889 800 3953 libro,
820 3894 892 3943 uude
909 3892 934 3943 is
950 3893 1053 3961 primae
1071 3894 1202 3963 epistolae
1220 3894 1311 3945 lacum
1329 3891 1420 3951 affert,
1439 3891 1556 3960 prisea·
1574 3889 1783 3941 substituerunt.
1821 3886 1908 3938 Codsl.

215 3990 362 4043 ladonam
380 3990 439 4058 jaus
461 3992 582 4044 restitnit
599 3988 760 4042 Gaslssbius
782 4005 811 4058 p·
823 3988 895 4051 28⁶,
920 4006 1032 4059 umque
1049 3990 1316 4043 rectissime-babere
1337 3989 1418 4040 docui
1440 3987 1470 4039 ia
1488 3986 1648 4038 metatore
1666 4002 1724 4037 nes
1746 4003 1794 4036 aar
1811 3983 1909 4034 iterit-

215 4086 358 4158 fertiqauq
384 4084 430 4136 des
452 4089 609 4142 erbsltessess
625 4086 832 4158 Betefioeeltsels
853 4087 984 4140 wisebess
1004 4086 1098 4142 Cium
1120 4086 1179 4140 asad
1194 4087 1236 4139 lt.
1254 4086 1376 4144 Brutum
1402 4086 1431 4136 in
1448 4083 1536 4136 Ablab.
1555 4086 1584 4137 d.
1603 4082 1710 4150 kbuigl.
1730 4079 1911 4132 Gerellsebalt

217 4184 246 4234 d.
264 4184 496 4237 wissenschaften
520 4188 553 4237 T.
568 4187 612 4248 ll,
635 4203 665 4255 p.
680 4185 731 4236 189
745 4198 805 4253 sqqs
937 4224 940 4231 ,
1114 4244 1117 4251 ¹

288 4281 316 4348 l)
335 4280 379 4331 Gi.
400 4279 488 4333 0rell.
506 4282 581 4351 opp.
601 4282 660 4334 cto.
685 4282 718 4331 Τ.
735 4281 772 4342 ν’,
798 4280 879 4342 Μ,
900 4299 933 4350 p.
947 4281 1000 4332 lbb
1016 4300 1058 4351 sq,
1182 4316 1184 4320 ·
1231 4320 1245 4335 .,

290 4379 318 4443 5)
333 4379 451 4430 ¹Praeter
470 4396 502 4428 ea
526 4395 594 4446 quse
617 4395 647 4447 p.
662 4376 696 4429 lb
714 4379 754 4429 de
769 4378 888 4431 Senecae
907 4380 1029 4432 Tacitisc
1053 4379 1385 4448 sinttttutuajsenstt,
1410 4379 1447 4433 ci.
1468 4396 1497 4448 p.
1508 4376 1558 4432 23⁸
1585 4375 1665 4428 aba
1687 4371 1909 4446 si5rifiestissess

217 4483 335 4546 spretam
357 4476 394 4526 sb
418 4492 518 4526 sarm
541 4475 689 4528 tut-tastis
711 4476 889 4546 scriptoribus
913 4487 1042 4550 arqestss
1061 4477 1168 4529 huss
1192 4477 1317 4530 latinitas
1341 4478 1482 4547 npctioin
1497 4491 1661 4544 *qumquam
1684 4471 1751 4522 alibi
1775 4486 1804 4536 p..
1818 4467 1849 4519 21
1878 4485 1911 4519 sse

217 4573 304 4624 latine
327 4571 434 4644 quide·
456 4575 526 4625 sutis
548 4575 654 4626 subse
676 4575 726 4644 qut
747 4573 975 4643 tasmtpsm's
999 4575 1143 4628 auti-st.
1186 4574 1279 4638 Quod,
1293 4592 1322 4643 p.
1335 4572 1367 4626 at
1395 4572 1516 4628 Gellius·
1535 4571 1606 4623 susle
1625 4568 1790 4621 intellectura
1808 4564 1852 4617 tte
1872 4574 1912 4617 tet

219 4671 357 4740 &adron
375 4670 510 4722 moribus
529 4687 638 4722 mss
658 4670 816 4739 praebuisse
832 4672 1003 4740 suspicetur.
1023 4674 1086 4741 ipse
1104 4672 1144 4726 sie
1160 4678 1307 4732 retractat,
1321 4676 1365 4723 ,ut
1382 4669 1548 4722 helenum·
1565 4669 1646 4719 otissa
1662 4666 1780 4718 sitoruss
1797 4664 1909 4732 ssripto·

220 4783 296 4828 rusa,
322 4769 372 4836 qai
388 4769 465 4820 scobis
484 4786 538 4820 coss
554 4768 656 4818 serostt
671 4773 750 4825 sust,
775 4766 842 4819 loeis
865 4766 955 4839 decs'pi
973 4771 1110 4838 potnerita
1138 4784 1188 4822 aee
1211 4776 1318 4838 praeter
1342 4766 1382 4820 tt.
1402 4768 1549 4828 Senecam,
1575 4766 1655 4835 cujus
1677 4781 1709 4815 ex
1726 4761 1829 4814 verbisr
1853 4759 1911 4830 fuit
