4418 5648
259 594 418 692 quanam
444 587 582 661 sublato
608 600 760 685 tyranno
784 588 1049 657 tmoarnentan
1062 584 1175 680 repsi
1197 584 1247 654 ad
1265 582 1440 678 lepidam
1459 595 1495 655 et
1510 582 1708 658 Antoniam
1727 586 1941 685 delemetur3

258 745 324 793 nec
349 716 474 790 melior
494 739 599 786 causa
622 725 677 786 est
696 714 877 812 sequentis
901 710 1150 801 cavillationis,
1175 708 1238 780 nbi
1262 735 1342 782 eum
1363 711 1424 807 qui
1443 711 1531 783 haec
1556 713 1760 808 scripserit:
1785 728 1945 789 mearat

258 849 350 921 enim
375 867 413 916 se
439 843 564 914 civitas
590 842 628 910 in
651 840 836 911 retinenda
865 839 1027 911 libertate
1057 835 1295 925 consantiens,
1329 845 1390 907 aut
1414 848 1566 909 mecum
1590 841 1768 923 civitatem
1790 867 1858 939 pro
1883 845 1942 914 ‹te-

255 996 376 1071 presra
402 982 437 1042 et
457 970 594 1069 afflicta
620 966 753 1038 dixisse
776 975 838 1037 aut
861 963 1034 1061 particula
1054 965 1147 1036 mum
1170 963 1263 1036 male
1285 989 1388 1035 usum
1411 986 1491 1035 esse
1516 965 1584 1056 ait,
1611 989 1760 1064 mnan
1783 980 1944 1041 neumam

260 1101 296 1169 in
328 1097 534 1170 Ciceronem
565 1095 693 1165 eadere
720 1093 849 1188 posse!
896 1089 1033 1188 Nempe
1063 1089 1124 1163 laic
1155 1115 1298 1190 quoque
1329 1088 1492 1190 εἰρομένῃ
1525 1084 1631 1188 λέξει
1661 1091 1791 1166 Cicero
1822 1097 1944 1184 utitur,

258 1227 320 1323 qui
352 1249 460 1321 Qum
486 1223 555 1293 hoc
584 1219 703 1292 dicere
727 1217 850 1291 vellet:
887 1217 1046 1316 marnoa&
1074 1218 1168 1288 essina
1192 1217 1379 1289 accinitur
1409 1216 1574 1288 maaser
1607 1267 1685 1288 ...
1721 1243 1784 1291 ooa
1810 1220 1946 1292 latae

256 1377 322 1423 aaa
347 1351 464 1422 sauata
487 1347 672 1447 profitenti
694 1344 896 1435 musto,
922 1345 1021 1441 prins
1046 1340 1240 1415 membrum
1265 1339 1424 1415 absolute
1443 1341 1645 1439 praemisit,
1669 1357 1807 1418 servata
1828 1360 1946 1420 tamen

260 1503 350 1575 quae
376 1476 420 1548 ad
446 1478 620 1572 integram
645 1472 855 1543 sententiam
886 1473 1039 1568 pertinet
1068 1467 1241 1568 purh’oula
1267 1470 1381 1561 enias,
1413 1493 1526 1565 eoque
1552 1469 1652 1542 iacto
1675 1471 1861 1543 cavillandi
1887 1498 1946 1545 oc·

257 1605 437 1675 casionem
462 1599 578 1691 dedit,
601 1600 703 1695 qnasi
727 1621 869 1668 causam
893 1596 1174 1670 antecedentium
1198 1597 1235 1666 in
1257 1597 1337 1692 ipso
1359 1595 1420 1667 illo
1438 1597 1558 1693 priore
1577 1593 1735 1669 membro
1754 1600 1946 1694 posuisset,

161 1728 167 1737 ’
256 1731 341 1802 lieet
363 1752 511 1825 prorsus
544 1723 665 1797 eadem
689 1725 781 1796 ratio
811 1724 850 1793 iu
873 1722 955 1794 loco
980 1749 1059 1820 sup.
1084 1733 1156 1794 not.
1172 1718 1225 1792 14
1248 1723 1357 1795 citato
1383 1720 1557 1814 obtineat,
1588 1721 1650 1795 ubi
1673 1724 1779 1797 facile
1802 1739 1947 1822 apparet

258 1878 418 1944 cansam,
444 1861 658 1948 quapropter
683 1848 851 1923 Ciceroni
874 1848 1020 1921 verbum
1044 1848 1203 1920 indidere
1228 1847 1409 1946 displicet,
1439 1875 1513 1922 nou
1534 1852 1709 1924 contineri
1727 1853 1767 1922 iu
1785 1854 1945 1949 proxime

177 2062 184 2074 .
258 1977 503 2076 sequentibus:
539 1988 591 2048 eet
622 1978 714 2048 enim
738 1977 882 2048 offlam
911 1987 1022 2048 totum
1052 1977 1253 2066 nuntientur,
1287 1975 1352 2048 sed
1380 1976 1425 2048 ab
1450 1979 1507 2050 lais
1536 1979 1676 2051 initium
1705 1989 1842 2050 tantum
1868 1978 1945 2050 lieri

256 2106 333 2204 ejus
359 2104 688 2196 demonstrationis,
721 2128 791 2201 qna
814 2102 913 2175 verbi
941 2102 1036 2174 illius
1061 2101 1246 2199 rejiciendi
1272 2127 1397 2175 causas
1426 2107 1561 2201 aperiat
1575 2106 1643 2206 44).
1706 2104 1860 2194 Veram,
1894 2106 1946 2175 in·

257 2235 353 2331 quit,
387 2232 541 2329 eiusdem
575 2231 780 2302 temeritatis
810 2228 993 2300 simillima
1024 2229 1158 2300 indicia
1188 2240 1270 2301 sant
1300 2231 1338 2300 in
1370 2231 1434 2322 ἰῶ,
1468 2256 1560 2330 queue
1581 2241 1786 2332 aequamen.
1846 2229 1946 2321 Quid

166 2418 169 2424 .
255 2357 391 2456 igitur?
447 2355 528 2427 Nor
553 2366 627 2427 tum
651 2357 756 2425 nimai
780 2380 900 2446 ocrea,
936 2355 973 2427 id
1002 2368 1075 2448 est,
1107 2357 1242 2455 inquit,
1277 2355 1406 2430 Cicero
1429 2358 1489 2430 vel
1512 2360 1610 2432 solur
1633 2357 1693 2432 vel
1718 2383 1799 2430 cam
1822 2358 1945 2430 amieis

255 2486 347 2576 rau,
377 2482 485 2580 idqne
510 2493 635 2554 contra
659 2482 844 2553 historiam
875 2481 1009 2554 dictum
1036 2509 1114 2555 esse
1143 2486 1279 2580 arguit,
1311 2483 1405 2557 ande
1430 2483 1607 2559 discamus
1637 2485 1848 2560 Ciceronem
1875 2488 1946 2583 pri·

255 2636 350 2682 mom
375 2608 516 2707 quidem
540 2605 751 2706 ἀμνηστίαν
777 2611 949 2701 suasisse,
985 2607 1111 2681 deinde
1136 2633 1220 2682 vero
1244 2609 1301 2683 vel
1325 2624 1407 2684 ante
1430 2612 1583 2686 Brutum
1608 2625 1644 2686 et
1668 2611 1834 2686 Cassium
1858 2610 1944 2684 urbe

257 2736 452 2821 excessisse
477 2736 752 2833 rusticandoque
778 2748 814 2808 ct
838 2733 983 2807 otiando
1007 2747 1146 2832 tempus
1168 2736 1321 2809 trivisse.
1376 2738 1475 2811 Vero
1482 2769 1495 2834 3
1528 2738 1614 2837 qaid
1638 2751 1755 2813 autem
1780 2739 1879 2833 cogit
1906 2750 1946 2808 ut

258 2862 470 2936 Ciceronem
501 2864 615 2934 solum
647 2861 904 2959 intelligamus,
948 2860 1009 2934 ubi
1043 2863 1147 2934 claris
1179 2860 1297 2935 verbis
1330 2864 1508 2935 civitatens
1541 2887 1579 2934 re
1610 2864 1760 2935 maiore
1794 2863 1943 2960 legimus

256 2990 434 3087 hujusque
454 2988 581 3060 studiis
603 2987 760 3061 defuisse
780 2990 915 3062 Brutus
940 2989 1150 3063 accusaturi
1173 2988 1229 3061 vel
1253 3000 1292 3061 ut
1315 2986 1480 3086 ambigue
1500 2986 1635 3060 dictum
1659 2988 1726 3078 sit,
1758 2990 1837 3084 ipsa
1856 2988 1944 3059 lmec

259 3114 431 3187 calliditas
456 3113 552 3185 haud
582 3116 658 3186 scio
687 3140 733 3185 an
759 3114 970 3189 Ciceronem
993 3118 1143 3188 maxime
1172 3114 1314 3207 deceat,
1347 3140 1452 3213 quem
1476 3139 1549 3186 non
1572 3113 1676 3187 video
1699 3138 1764 3185 cur
1788 3125 1944 3187 vetemus

256 3241 382 3314 iisdem
414 3240 565 3332 artibus,
598 3238 725 3338 quibus
758 3266 864 3338 saepe
894 3242 1025 3316 aliems
1057 3267 1183 3313 causas
1215 3253 1357 3341 egerat,
1391 3241 1431 3311 in
1460 3265 1501 3313 se
1531 3242 1610 3338 ipso
1640 3240 1774 3314 tuendo
1801 3243 1854 3312 nti
1869 3239 1944 3339 4⁵);

256 3369 463 3465 praesertim
494 3369 533 3438 in
564 3394 606 3440 ea
638 3367 895 3466 disputatione,
939 3368 1000 3442 ubi
1031 3393 1104 3440 non
1137 3380 1209 3441 um
1243 3379 1440 3464 temporum
1476 3369 1628 3441 rationes
1660 3393 1765 3464 quum
1799 3378 1943 3439 eventus

258 3503 456 3590 agerentur,
483 3519 572 3591 qnos
592 3480 778 3595 utriusque
800 3495 948 3569 consilia
967 3493 1194 3567 habuissent!
1244 3495 1330 3566 Huc
1353 3496 1446 3565 enim
1466 3504 1542 3567 tota
1565 3496 1745 3565 excusatio
1767 3492 1944 3589 diripitur,

256 3631 297 3690 ut
323 3619 459 3689 Brutus
491 3621 565 3692 sire
597 3620 755 3694 cedendo
785 3625 859 3694 sire
892 3620 1063 3719 fugiendo
1093 3620 1232 3693 ltaliam
1263 3623 1340 3694 sine
1370 3619 1547 3717 praesidio
1579 3620 1778 3719 reliquerit,
1813 3617 1943 3692 Cicero

257 3747 415 3843 quamne
441 3756 477 3817 et
500 3747 577 3841 ipse
600 3747 851 3844 proficiscendi
872 3748 1058 3821 consilinm
1078 3748 1248 3843 cepisset,
1280 3759 1397 3821 tamen
1421 3746 1514 3818 velut
1535 3745 1703 3818 divinitus
1728 3744 1941 3835 admonitus,

257 3884 445 3970 postquam
470 3897 549 3943 eum
573 3875 670 3946 renti
699 3876 738 3944 in
761 3875 910 3970 puniam
935 3873 1135 3966 retulerint,
1166 3871 1329 3946 Antonio
1355 3900 1394 3946 se
1419 3873 1475 3946 vel
1503 3872 1601 3944 solus
1627 3870 1817 3967 objecerit,
1838 3868 1943 3967 quod

331 4103 377 4167 44)
394 4103 495 4153 Eadem
521 4118 602 4155 cansa
621 4111 661 4155 est
684 4104 837 4156 notissimae
861 4103 937 4153 illius
960 4102 1364 4155 consnueoonucsol.1.t=
1391 4120 1428 4154 nn
1451 4119 1512 4154 aero
1535 4103 1578 4153 air
1600 4101 1779 4171 amputaturus
1798 4100 1831 4149 Ρ.
1850 4098 1943 4168 Scipio

258 4200 383 4269 pontifex
408 4203 542 4252 nanninus
570 4201 615 4251 Ti.
642 4199 793 4252 Gracchana
817 4201 942 4269 privatur
969 4197 1118 4269 interserit,
1157 4199 1308 4251 Catilinas·
1333 4217 1382 4251 nor
1408 4199 1529 4251 comta
1552 4189 1736 4269 perferentur?
1770 4197 1817 4248 ubi
1843 4198 1944 4265 pariter

260 4299 368 4366 ineptus
392 4299 444 4358 sit,
470 4299 519 4367 qui
537 4295 694 4348 Ciceronem
716 4296 767 4346 lroc
787 4312 915 4364 quaerere
940 4300 1050 4362 arguat,
1075 4312 1139 4346 num
1158 4295 1296 4347 Gracchus
1317 4313 1333 4346 a
1352 4295 1480 4365 Scipione
1498 4297 1657 4348 interiectus
1679 4295 1732 4354 sit;
1757 4293 1796 4345 ei.
1816 4292 1942 4345 Stuereu·

260 4393 329 4462 burg
347 4395 381 4444 ad
399 4393 458 4444 cie.
478 4411 528 4463 pro
544 4393 642 4446 Arelria
663 4411 691 4463 p.
706 4391 773 4453 ldl,
798 4393 865 4445 otto
888 4394 923 4444 ud
948 4394 1028 4444 eund.
1049 4394 1082 4444 dr
1100 4392 1213 4445 Finitus
1237 4411 1265 4463 p.
1280 4392 1346 4455 163,
1373 4393 1453 4444 ilaud
1472 4393 1549 4444 Tura.
1569 4392 1642 4451 et,
1663 4409 1691 4458 p.
1707 4389 1772 4451 350,
1796 4388 1864 4439 Wex
1882 4387 1942 4438 llei-

259 4496 333 4558 trtge
352 4506 386 4540 ru
403 4489 468 4540 Tae.
489 4489 614 4558 Agricola
634 4508 661 4559 p.
679 4487 709 4540 ll
735 4495 787 4540 etc.

330 4588 375 4651 45)
396 4588 534 4640 Drumauu
557 4586 590 4636 Τ.
602 4586 651 4646 vl,
673 4604 702 4656 p.
716 4584 782 4637 12⁹:
810 4584 867 4637 and
883 4584 954 4636 nacla
974 4585 1100 4655 aidriqrns
1118 4586 1203 4638 olette
1220 4604 1248 4636 er
1265 4585 1323 4637 son
1341 4562 1417 4637 nielrt
1435 4584 1543 4656 phiala,
1570 4584 1633 4637 weil
1650 4603 1679 4635 er
1697 4584 1776 4635 tlses'ls
1793 4581 1851 4634 sot
1867 4581 1942 4632 nient

259 4700 348 4752 penna
373 4702 409 4735 nn
434 4683 484 4735 alae
508 4683 684 4757 Verpanenr
708 4685 857 4743 minante,
886 4681 966 4734 tleils
992 4680 1036 4734 die
1061 4682 1149 4754 llinqe
1172 4683 1230 4735 rtet
1253 4700 1282 4734 ao
1306 4683 1391 4754 firpen
1416 4692 1549 4740 narrtrn,
1582 4683 1634 4732 wie
1659 4700 1685 4733 er
1709 4681 1755 4732 der
1777 4679 1872 4731 Zsoeelr
1896 4677 1943 4760 dea

260 4779 398 4832 Berielter
417 4781 549 4851 erfoderte
568 4789 620 4832 etc.
