4418 5648
214 599 259 666 iis
284 588 500 690 explicandis
522 585 835 685 deprehendimus,
866 610 956 684 qaae
981 584 1027 655 ad
1051 588 1163 682 ipsam
1183 586 1380 658 ovationem
1403 582 1601 659 Octaviano
1623 587 1799 662 decretam
1820 613 1897 684 per·

213 725 347 811 tinent,
378 743 447 814 qus
474 714 603 787 Cicero
616 727 812 811 postquam
838 712 934 783 uidit
958 713 995 781 in
1020 712 1087 782 icoc
1113 710 1206 783 teilo
1231 713 1499 806 praedestinare
1523 714 1669 786 aenou
1698 712 1806 807 dixit,
1839 740 1901 785 cus·

215 859 351 936 autam,
379 844 530 941 inquit,
566 842 618 911 ita
648 842 715 931 sit,
753 840 981 936 aperiendum
1010 848 1083 911 ison
1110 848 1182 929 est,
1220 861 1264 908 sse
1297 838 1408 934 sarpis
1439 839 1562 910 videar
1592 843 1762 935 prouidus
1792 842 1902 941 fluisse

215 997 320 1072 quam
349 979 490 1067 matrs,
523 968 696 1038 nimirum·
712 967 807 1064 qaia
825 965 886 1036 iiia
916 967 1083 1041 ovatione
1110 991 1131 1036 a
1161 974 1286 1037 senatu
1315 974 1443 1060 negata
1463 962 1686 1038 ’Octavianus
1719 966 1763 1037 ab
1794 967 1899 1064 hujus

214 1095 373 1195 partibus
414 1092 646 1165 matonam—
664 1116 742 1163 esse
782 1090 966 1166 videbatur
983 1092 1057 1192 4⁸);
1099 1091 1196 1191 qaod
1227 1090 1286 1162 ilie
1325 1115 1398 1163 non
1435 1094 1654 1189 perspiciens
1689 1087 1899 1166 Ciceronem

214 1235 317 1320 putet
342 1246 420 1293 eam
447 1216 614 1290 utilitatis
638 1218 811 1290 rationem
836 1243 1011 1316 exponere
1035 1217 1153 1311 ualle,
1185 1243 1230 1291 rse
1254 1242 1324 1289 uors
1348 1231 1470 1316 pratus
1491 1244 1564 1293 esse
1586 1220 1769 1311 videatur3
1804 1221 1906 1318 quasi

215 1375 298 1422 aero
323 1348 391 1418 dac
414 1344 532 1444 pratia
556 1344 743 1442 referenda
765 1344 825 1418 Μ.
846 1344 963 1419 Bruto
988 1346 1217 1445 satisfacere
1239 1346 1419 1443 potuerit!
1474 1348 1533 1419 De
1558 1347 1667 1419 altera
1692 1358 1807 1418 autem
1832 1347 1903 1442 epi·

216 1475 326 1546 stoice
353 1483 474 1570 perte,
506 1495 597 1569 qaae
625 1483 680 1543 est
705 1471 750 1542 de
771 1495 908 1568 poena,
943 1474 1051 1571 quarn
1082 1498 1126 1544 ne
1157 1471 1381 1544 simulacrum
1407 1472 1549 1571 quidem
1573 1474 1691 1571 justae
1718 1473 1904 1569 reprehen-

216 1603 328 1672 sionis
360 1601 518 1670 inrenire
548 1599 681 1695 possit,
702 1610 839 1694 aperte
870 1598 1070 1692 confflem,
1107 1601 1257 1696 primum
1289 1601 1368 1696 ipso
1400 1600 1572 1697 singulari
1603 1597 1903 1696 reprehendendo,

217 1730 274 1799 cui
305 1729 357 1798 ita
387 1736 522 1797 tantum
553 1723 671 1795 iocum
702 1724 827 1795 fuisse·
847 1727 915 1815 ait,
953 1727 985 1796 si
1013 1723 1143 1798 Cicero
1174 1725 1466 1823 philosophorum
1496 1727 1637 1799 ratione
1668 1727 1712 1797 de
1742 1726 1906 1796 universa

213 1879 330 1951 poena
364 1851 531 1942 dixisset,
560 1848 689 1922 deinde
719 1849 978 1946 praefiniendo,
1012 1850 1099 1950 quid
1128 1850 1295 1925 Ciceroni
1327 1850 1373 1922 ad
1397 1851 1452 1923 M.
1471 1851 1623 1926 Brutum
1652 1863 1712 1923 ant
1743 1851 1826 1922 huic
1859 1850 1903 1921 ad

216 1980 314 2051 iilum
335 1977 505 2050 scribenti
525 1975 664 2048 scilicet
683 1979 920 2069 convenerit,·
932 1988 1129 2073 postremo,
1154 1976 1215 2050 ubi
1236 1981 1313 2075 ipse
1335 1975 1423 2050 adeo
1445 1976 1669 2050 sobrietatem
1691 1979 1903 2049 narrationis

216 2128 412 2205 agnoscere
437 2105 590 2202 cogitur,
615 2103 756 2200 singula
780 2100 886 2175 verba
903 2103 1101 2201 carpendo,
1126 2104 1182 2178 vel
1206 2104 1266 2176 ubi
1291 2106 1379 2177 haec
1406 2099 1547 2204 quoqne
1572 2103 1719 2175 aliorum
1744 2105 1905 2176 locorum

217 2233 481 2330 comparatione
506 2229 708 2303 confirmari
732 2227 846 2321 videt,
873 2231 1102 2303 imitationem
1126 2230 1327 2332 arguendo,
1352 2245 1393 2304 nt
1415 2255 1560 2329 prorsus
1585 2233 1623 2302 in
1648 2232 1763 2326 ipsum
1789 2227 1903 2319 eadat,

217 2359 313 2458 qaod
339 2358 382 2430 de
406 2354 618 2429 Marklando
651 2354 828 2454 quandem
858 2355 1039 2429 Gesneras
1068 2355 1174 2429 dixit:
1192 2382 1313 2456 paam
1338 2360 1383 2431 de
1408 2359 1532 2431 iisdem
1556 2359 1677 2449 redas,
1710 2359 1754 2428 de
1779 2357 1904 2456 quibus

215 2486 374 2584 quotidie
399 2507 503 2581 apere
526 2480 663 2553 solebat
691 2479 853 2573 Tullius,
889 2485 1011 2556 eadem
1033 2483 1141 2557 cerda
1167 2482 1398 2576 satiemur,
1426 2485 1543 2584 fierem
1569 2494 1662 2557 terret
1685 2485 1741 2555 vir
1765 2485 1902 2573 doctus,

216 2637 322 2711 quum
350 2609 489 2708 aliquid
518 2610 664 2705 ponitur
695 2609 839 2707 dipaaas
872 2606 1066 2701 Cicerone,
1099 2612 1163 2683 aed
1192 2611 1347 2684 nondum
1376 2613 1414 2683 iss
1446 2611 1549 2703 aliis,
1586 2636 1676 2710 quae
1703 2620 1902 2706 supersunt,

217 2738 455 2827 adservatum,
486 2735 663 2830 imperitia
691 2735 853 2833 arpuitar
879 2747 923 2808 et·
936 2735 1045 2809 iatiai
1067 2740 1237 2811 emmoni
1266 2738 1491 2838 ipuorardiai
1548 2737 1651 2810 llaec
1676 2739 1787 2834 igitur
1811 2739 1903 2809 seria

217 2864 429 2936 refutatione
454 2888 499 2934 ne
523 2858 684 2960 indigere
710 2860 850 2959 quidem
875 2861 1055 2958 videntur-3
1082 2890 1127 2937 ne
1148 2877 1266 2938 tamen
1291 2867 1449 2964 Qamvis
1475 2862 1521 2935 ad
1542 2863 1648 2936 iinem
1670 2865 1901 2963 properantes

217 2991 365 3063 lectores
396 2984 585 3085 qssicquarn
618 2986 837 3081 desiderent,
870 2987 967 3088 qaod
991 3001 1052 3062 aut
1076 2989 1121 3060 ad
1150 2991 1261 3088 ipsias
1292 2991 1461 3087 epistolae
1486 3001 1547 3062 aut
1572 2989 1617 3061 ad
1648 2991 1902 3087 oppugnatoris

218 3117 294 3214 ejas
326 3117 619 3188 existimationem
649 3117 841 3211 pertineat,
872 3117 1011 3214 integra
1042 3115 1148 3214 hujus
1178 3115 1305 3209 verba,
1342 3141 1432 3215 qnae
1462 3116 1580 3188 iocum
1610 3115 1654 3186 de
1684 3141 1798 3213 poena
1829 3129 1903 3185 tan·

218 3253 326 3340 gant,
351 3245 388 3311 in
413 3244 572 3338 margine
597 3240 732 3338 subjeci
748 3240 822 3342 49);
847 3238 907 3312 ubi
928 3240 1025 3341 spnod
1045 3245 1216 3316 acerrime
1234 3255 1338 3341 urget
1360 3242 1575 3316 crudelitatis
1597 3242 1902 3338 reprehensionem

287 3507 333 3574 48)
350 3509 512 3558 (irationem
536 3509 607 3559 enim
631 3526 647 3559 s
672 3508 803 3561 Cicerone
826 3509 959 3561 decretam
984 3515 1092 3560 senatus
1116 3526 1253 3561 assensum
1276 3525 1330 3560 non
1352 3510 1438 3577 magis
1462 3509 1573 3568 tulisse,
1606 3524 1684 3577 qnam
1705 3507 1846 3575 quoditie
1871 3507 1904 3558 de

218 3606 253 3654 1).
271 3604 348 3656 Bruti
367 3605 475 3655 nomiae
494 3605 573 3655 isstis
591 3604 752 3657 ascribendo
770 3612 926 3668 censuerat,
944 3606 1092 3658 clarissime
1109 3607 1228 3674 prodant
1245 3604 1341 3656 serien:
1366 3606 1492 3676 quodsi
1513 3608 1566 3657 tuis
1581 3605 1778 3674 familiaritas,
1798 3605 1905 3672 optimis

217 3702 276 3751 iliis
295 3700 401 3770 quidem
420 3703 502 3762 airis,
528 3701 575 3753 sed
593 3703 622 3753 iss
640 3702 798 3771 republica
815 3701 945 3762 ruditas,
971 3720 1026 3755 aaa
1042 3703 1226 3773 probabatur,
1252 3710 1283 3754 ut
1298 3703 1362 3770 jare
1381 3703 1486 3753 mireris
1505 3703 1690 3753 Drnmsnnnrn
1712 3700 1786 3760 ΤΛ,
1809 3716 1837 3768 p.
1852 3697 1903 3750 31³

217 3798 396 3850 scribentem:
432 3800 490 3850 eisse
515 3798 573 3868 aas
592 3797 701 3850 Ciceros
727 3798 877 3869 Vsrsedslsp
903 3798 1107 3870 dewiilipte
1134 3799 1255 3855 Oratiors
1278 3800 1360 3850 imant
1383 3817 1437 3849 aar
1461 3797 1507 3849 der
1532 3798 1672 3867 Versasser
1697 3796 1743 3847 der
1767 3796 1903 3847 uasieistess

217 3895 328 3963 Briefe;
352 3895 434 3946 immo
455 3894 524 3946 iens
546 3895 632 3962 ipsam
654 3895 783 3963 triumphi
805 3897 975 3963 negationem
993 3894 1138 3948 Octaviani
1176 3897 1292 3947 enimam
1315 3895 1411 3946 merito
1436 3893 1579 3945 offendisse
1604 3911 1636 3945 ex
1653 3897 1775 3964 Appiano
1794 3909 1902 3960 qaoque

218 3991 270 4042 iii.
286 3990 320 4040 89
343 3991 497 4057 inteiligsss
522 3991 605 4059 idque
628 3991 717 4059 ipsam
741 4007 813 4043 sanc
833 3994 928 4045 Cicero
951 3995 1081 4062 respicit,
1107 3992 1155 4043 nbi
1178 3994 1258 4044 iilum
1276 3994 1385 4044 decerni
1404 3993 1484 4044 etiam
1503 3993 1588 4060 magis
1606 3992 1641 4041 sd
1660 3990 1856 4058 providentiam
1876 3994 1904 4038 ct

217 4087 370 4138 cautionem
389 4104 469 4154 quesn
487 4089 521 4137 sd
540 4087 610 4155 grati
630 4087 714 4138 enimi
732 4088 949 4140 testificationem
969 4091 1132 4158 pertinuisse
1150 4092 1250 4141 iannit.

288 4204 333 4268 tt)
352 4206 383 4255 P.
398 4203 449 4257 iis
477 4204 584 4258 Causae
607 4222 686 4265 aero,
714 4205 812 4275 quibas
832 4223 860 4255 se
883 4203 993 4256 daetsas
1017 4221 1071 4256 esse
1094 4206 1151 4265 sit,
1177 4221 1270 4255 rursus
1295 4213 1359 4254 sust
1380 4202 1498 4274 quadres
1520 4202 1624 4274 perieris
1648 4219 1681 4253 se
1705 4202 1803 4270 quitus
1823 4209 1904 4251 satra

218 4302 339 4353 excusati
362 4311 439 4354 mast
461 4301 539 4353 nimii
562 4299 692 4361 inseres,
723 4302 857 4371 speciosae
880 4299 947 4353 tttse
971 4298 1078 4371 quidese
1102 4301 1140 4351 ad
1165 4299 1386 4361 deeismsndam,
1421 4299 1459 4351 sd
1483 4297 1715 4350 &acervandam
1739 4298 1849 4358 asellae,
1878 4307 1904 4348 et

217 4396 257 4446 di.
277 4393 403 4450 Ciceroni
420 4396 458 4448 sd
475 4396 516 4449 di.
531 4398 648 4449 ansus
664 4398 792 4450 seriiestti
806 4414 904 4468 peram
924 4398 1114 4449 rescatentes.
1160 4396 1345 4467 Vitupesasset
1361 4398 1465 4449 Bratas
1482 4398 1592 4450 simiam
1612 4395 1747 4466 quautam
1765 4394 1904 4447 Ciceronis

214 4493 407 4563 pertinaciam
435 4494 485 4566 qai
503 4511 550 4555 ea,
576 4493 651 4563 qaod
671 4495 823 4547 Astosiass
845 4493 945 4544 isastem
960 4491 1146 4565 judicandum
1169 4502 1197 4543 et
1218 4493 1319 4544 tellam
1340 4503 1432 4546 sanna
1453 4513 1512 4546 eum
1533 4490 1724 4546 desemeasissm
1748 4509 1802 4542 esse
1825 4492 1901 4543 seie-

216 4591 375 4640 meritissime
399 4589 589 4647 contendebat.
618 4590 717 4641 multos
741 4591 821 4641 etisra
846 4591 928 4642 denos
953 4592 1022 4642 cives
1045 4608 1062 4640 a
1083 4608 1133 4641 saa
1158 4607 1240 4642 eausa
1261 4593 1408 4642 auertisset.
1451 4590 1507 4642 Sed
1526 4590 1720 4662 praetermissis
1744 4589 1787 4639 dis
1813 4587 1902 4640 deela-

217 4694 319 4744 sastor,
343 4696 488 4758 postquam
504 4686 678 4740 sententiolas
697 4686 844 4738 semeliae
861 4695 975 4758 aspectas
997 4690 1145 4757 conposuit
1162 4705 1210 4740 aee
1228 4687 1313 4739 allans
1336 4697 1433 4740 emtam
1451 4706 1504 4738 reas
1524 4688 1750 4746 commemoravit,
1774 4696 1905 4756 properat

218 4779 255 4834 sd
277 4781 363 4835 locare
386 4785 523 4855 epreqiars
546 4802 610 4836 ssae
630 4785 659 4834 iss
676 4781 757 4854 jaste
781 4784 902 4834 oratioue
926 4782 963 4834 sd
986 4785 1237 4836 commiserationem
1260 4784 1431 4844 mouendam,
1460 4785 1506 4836 sed
1531 4788 1580 4854 qui
1605 4789 1633 4836 iu
1658 4802 1689 4835 ea
1712 4783 1903 4853 familiaritate
