4418 5648
256 577 325 649 illis
353 579 392 648 in
422 575 579 674 Philipp.
599 578 646 650 V.
669 574 718 648 16
743 577 799 651 vel
823 577 892 651 Xl.
911 575 956 650 8:
990 602 1083 678 qnae
1110 588 1161 649 ert
1192 578 1285 648 enirn
1315 581 1408 651 ratio
1440 591 1504 652 ant
1534 581 1597 679 qni
1624 591 1738 676 potest
1767 580 1869 679 fieri,
1904 593 1943 653 nt

255 705 331 777 eine
362 704 509 799 imperio
541 716 700 776 tenentur
732 705 930 777 exercdnel
986 702 1123 801 Nempe
1155 706 1348 778 exercitum
1380 706 1521 804 quidem
1550 710 1656 780 etiam
1686 707 1765 778 sine
1795 707 1941 804 imperio

258 832 450 903 exercitum
480 855 557 902 esse
583 832 651 926 ait3
677 831 928 927 ‘imperatorem
953 831 1030 903 sine
1061 856 1104 902 eo
1129 831 1239 902 ullum
1264 856 1342 903 esse
1374 846 1436 904 aut
1466 836 1657 907 exercitum
1685 846 1806 907 tenere
1837 859 1943 931 posse

256 968 384 1054 negat3
430 967 465 1027 at
497 958 624 1053 opinor
656 955 695 1027 id
725 959 841 1053 ipsum
869 980 965 1027 nunc
999 981 1139 1056 quoque
1172 957 1383 1032 Ciceronem
1415 957 1533 1032 dicere
1565 957 1758 1033 ostendunt
1787 962 1945 1058 proxime

259 1081 519 1156 antecedentia:
551 1094 668 1156 tanen
693 1095 769 1156 end
791 1081 981 1154 exercitum
1006 1081 1151 1157 tuomst
1173 1087 1425 1175 neceesarium,
1456 1083 1550 1157 unde
1575 1085 1679 1157 facile
1703 1098 1849 1181 apparet
1872 1084 1945 1156 illic

258 1236 399 1310 quoquc
428 1235 502 1283 non
527 1207 570 1282 de
595 1211 772 1303 exercitu,
803 1210 866 1308 qui
897 1211 1106 1306 imperatore
1133 1223 1269 1303 careat,
1300 1211 1365 1286 scd
1392 1211 1437 1285 de
1462 1210 1552 1283 duce
1577 1212 1770 1283 exercitum
1794 1210 1945 1282 habente

258 1339 336 1435 aqi,
368 1337 431 1435 qui
462 1349 580 1410 tamen
610 1339 690 1433 ipso
723 1338 880 1411 exercitu
909 1348 1005 1409 recte
1029 1339 1083 1410 uti
1113 1363 1186 1412 nou
1216 1341 1350 1436 possit,
1385 1340 1457 1412 uisi
1481 1340 1666 1435 imperium
1688 1335 1884 1431 legitimum
1908 1339 1946 1407 iu

256 1490 336 1536 eum
361 1466 547 1561 acceperit
597 1463 892 1562 Insequentibus
918 1490 1008 1563 quae
1030 1465 1234 1563 Zumptium
1260 1464 1499 1556 offenderunt,
1530 1464 1696 1563 pleraque
1717 1461 1793 1559 jam
1819 1475 1943 1534 contra

260 1590 485 1663 Tunstallum
515 1591 566 1661 ita
593 1585 793 1661 defendisse
818 1589 903 1661 mibi
930 1588 1071 1683 videor,
1103 1604 1142 1664 ut
1166 1593 1350 1667 refellendi
1374 1591 1622 1689 compendium
1649 1591 1768 1662 facere
1791 1588 1945 1684 possim3

256 1715 345 1787 illud
375 1727 490 1787 tamen
521 1738 567 1786 ue
598 1713 785 1788 Tunstallo
818 1715 959 1812 quidem
994 1717 1031 1787 in
1063 1730 1212 1791 mentem
1243 1722 1360 1814 venit,
1404 1731 1445 1792 ut
1479 1745 1520 1791 ea
1553 1743 1643 1816 quae
1677 1714 1721 1788 de
1752 1712 1946 1786 honoribus

257 1842 409 1913 Decimo
441 1840 556 1912 Bruto
589 1865 610 1910 a
643 1840 818 1915 Cicerone
852 1841 1004 1915 decretis
1038 1841 1219 1937 dicuutur,
1259 1846 1382 1919 eodem
1416 1871 1496 1917 cum
1529 1843 1721 1918 Octaviani
1752 1840 1947 1913 bonoribus

199 2068 204 2079 Ι
259 1967 340 2039 loco
371 1964 518 2040 haberet
548 1991 661 2066 eoque
692 1969 842 2041 consilio
876 1974 1141 2045 commemorari
1171 1984 1328 2068 putaret,
1371 1986 1410 2044 ut
1440 1973 1580 2044 illorum
1614 1994 1754 2068 quoque
1787 1971 1947 2041 nimietas

260 2106 507 2190 excusaretur3
537 2119 626 2192 quae
647 2097 679 2166 si
700 2098 777 2192 quis
800 2096 905 2193 paulo
927 2101 1125 2171 accuratius
1146 2100 1357 2194 inspexerit,
1382 2098 1419 2170 id
1438 2099 1558 2196 potius
1578 2098 1800 2193 propositum
1819 2092 1949 2166 habere

260 2219 454 2319 intelliget,
486 2232 526 2294 ut
551 2221 720 2319 quiequid
745 2221 945 2296 Octaviano
978 2224 1149 2298 tributum
1180 2226 1245 2317 sit,
1280 2251 1365 2323 prae
1396 2224 1466 2296 illis
1498 2226 1665 2321 exiguum
1696 2221 1808 2294 fuisse
1832 2232 1949 2292 osten·

261 2345 374 2419 datur.
432 2346 667 2419 Verissimum
697 2361 752 2421 est
783 2350 945 2424 Marcum
977 2353 1146 2443 Brutum,
1181 2354 1216 2423 si
1243 2352 1453 2451 qnnedatnr
1484 2353 1529 2424 de
1556 2351 1676 2422 niuaiir
1705 2348 1897 2420 bonoribus
1926 2373 1948 2415 n

265 2471 437 2546 Cicerone
463 2474 612 2546 decretis
619 2524 632 2563 ,
674 2499 745 2545 non
778 2475 872 2548 illnd
903 2490 1059 2577 questum
1089 2502 1183 2568 ene,
1216 2481 1312 2576 qnod
1341 2479 1488 2553 Decimo
1522 2479 1656 2552 decreti
1685 2486 1818 2563 errent,
1853 2474 1948 2544 socio

262 2599 488 2671 consiliorum
519 2611 553 2671 et
585 2601 743 2698 ncip'ntori
767 2602 946 2676 tollendae
977 2604 1247 2698 dominationis,
1284 2630 1351 2680 nec
1382 2608 1586 2704 Zumptium
1612 2605 1727 2699 magis
1758 2625 1862 2699 quum
1894 2625 1950 2669 me

261 2726 376 2822 ipsum
410 2724 620 2818 offenderet,
660 2730 691 2799 si
723 2727 877 2802 viderem
909 2755 969 2822 ea,
1007 2756 1096 2831 quae
1128 2742 1189 2804 snt
1218 2733 1257 2803 in
1288 2733 1384 2804 hunc
1417 2746 1477 2806 aut
1507 2736 1545 2805 in
1573 2732 1749 2817 Hirtium,
1783 2728 1950 2812 pamma

263 2852 431 2950 Aquilam
454 2852 581 2925 collatu
605 2854 755 2947 luerint,
786 2881 808 2926 a
826 2855 955 2928 Marco
978 2857 1093 2931 Bruto
1117 2859 1330 2957 reprehensa
1355 2859 1444 2952 dici3
1477 2857 1630 2930 atenim
1663 2855 1694 2923 si
1720 2848 1806 2948 quid
1837 2850 1949 2944 ῦψὶθ,

263 2979 319 3049 bis
344 2980 432 3073 ipsis
456 2977 652 3051 honoribus
679 2979 808 3055 Cicero
839 2981 886 3055 ad
910 2986 1170 3058 excusationem
1200 3011 1300 3057 suam
1330 2986 1461 3075 utitur,
1496 3007 1542 3054 ne
1567 2978 1635 3052 soli
1661 2976 1861 3050 Octaviano
1887 2987 1949 3046 aut

266 3106 382 3177 omnia
413 3117 475 3178 aut
504 3107 654 3202 plurima
679 3108 877 3183 decrevisse
901 3110 1080 3206 videatur,
1112 3112 1176 3186 sed
1207 3114 1299 3186 iuter
1329 3124 1384 3183 tot
1413 3123 1554 3205 tumque
1584 3106 1759 3205 exquisita
1785 3105 1950 3200 praemia,

265 3231 392 3330 quibus
418 3257 538 3333 omnes
558 3230 641 3305 belli
660 3233 769 3307 duces
793 3248 953 3309 mortuos
973 3241 1107 3334 pariter
1126 3263 1169 3309 ac
1191 3241 1397 3335 superstites
1425 3235 1670 3326 cumulaverit,
1703 3233 1808 3304 ctiam
1832 3231 1951 3303 ovatio

265 3359 324 3431 illu
354 3362 491 3433 veniam
521 3361 695 3453 inveniat,
728 3387 797 3460 qua
830 3362 1064 3437 Octavianum
1097 3367 1173 3438 sine
1204 3391 1338 3437 summa
1370 3362 1603 3460 imprudentia
1629 3361 1760 3457 privari
1791 3357 1950 3452 potuisse

267 3496 394 3582 negat3
440 3508 506 3557 nec
538 3486 635 3586 quod
667 3513 751 3561 mox
786 3491 912 3563 iterum
943 3492 990 3562 ad
1017 3491 1206 3564 Iiecimnm
1238 3490 1353 3565 redire
1385 3490 1545 3577 videtur:
1589 3487 1639 3560 D.
1663 3487 1779 3557 Brado
1814 3482 1954 3553 decrevi

266 3611 435 3702 bonores,
470 3612 612 3706 decrevi
637 3614 685 3688 L.
707 3615 867 3708 Planco,
907 3617 1009 3690 aliter
1040 3615 1282 3713 accipiendum
1314 3617 1485 3708 arbitror,
1525 3640 1631 3714 quum
1661 3623 1702 3682 ut
1731 3607 1823 3681 idem
1856 3606 1953 3707 quod

266 3738 439 3829 Decimo,
478 3740 583 3810 etiam
614 3740 779 3815 Munatio
811 3741 947 3816 Planco
979 3742 1134 3816 debitum
1169 3770 1247 3817 esse
1283 3744 1419 3817 doceat.
1490 3740 1657 3836 Zumptio
1690 3736 1831 3835 quidem
1863 3734 1951 3806 haec

268 3891 409 3963 quoquc
439 3866 658 3939 incredibilis
690 3870 866 3940 temeritas
896 3868 1052 3961 videtur,
1087 3869 1182 3967 quod
1211 3871 1260 3941 l).
1283 3871 1397 3945 Bruto
1425 3894 1505 3940 eum
1530 3868 1577 3937 L.
1597 3863 1735 3937 Planco
1762 3860 1953 3958 conjuncto

268 3995 484 4067 dianensem
513 3994 669 4091 portium
701 3993 878 4086 immines,
922 3997 960 4064 in
991 3997 1115 4094 quidm
1146 3994 1280 4067 bonore
1311 3996 1485 4067 ornandis
1510 4015 1583 4062 non
1615 3992 1708 4062 idem
1735 3989 1864 4061 sentire
1891 3984 1949 4058 M.

268 4120 423 4193 Brutum
445 4129 516 4217 par
532 4121 663 4222 fierit,
696 4120 789 4192 maie
814 4133 1088 4219 componuntnr,
1116 4146 1184 4218 ego
1209 4147 1293 4194 vero
1318 4120 1463 4194 eandem
1482 4121 1640 4217 partium
1660 4115 1894 4189 diversitatem
1918 4114 1954 4180 in

268 4273 341 4320 rem
367 4271 479 4318 meam
509 4259 696 4339 converto,
732 4250 764 4318 si
789 4247 931 4345 quidem
960 4258 1233 4320 consentaneum
1262 4261 1338 4320 erat
1359 4247 1414 4320 M.
1435 4247 1585 4318 Brutum
1609 4244 1762 4315 honores
1787 4243 1826 4311 in
1849 4240 1955 4310 Deci·

269 4399 364 4446 mum
386 4372 533 4445 collutos
553 4373 716 4470 probare,
742 4376 779 4444 in
798 4373 972 4446 Plancum
992 4375 1208 4470 vituperare,
1235 4375 1363 4448 Cicero
1386 4385 1501 4446 nutem
1522 4372 1589 4444 bos
1609 4373 1708 4468 ipsos
1728 4372 1778 4441 ita
1796 4377 1955 4479 excusat,

270 4512 311 4574 ut
334 4499 424 4572 duos
449 4501 551 4596 quasi
581 4500 736 4573 aemulos
767 4498 891 4573 eodem
921 4500 1002 4572 loco
1025 4499 1206 4572 habendos
1235 4501 1346 4572 fuisse
1374 4508 1531 4590 moneat,
1565 4508 1669 4595 atque
1695 4492 1827 4593 aliquid
1852 4493 1955 4563 etiam

273 4627 427 4700 Senatus
454 4628 646 4725 sapientiae
670 4626 842 4718 vindicet,
875 4629 938 4726 qni
942 4676 957 4718 ,
985 4652 1054 4726 qna
1077 4651 1244 4727 qnernqne
1269 4652 1309 4697 re
1330 4636 1448 4722 putet,
1481 4623 1584 4696 modo
1610 4623 1776 4711 bonerto,
1811 4620 1957 4690 adrem

270 4754 451 4853 publicam
468 4756 666 4852 juvandum
696 4780 798 4853 posse
824 4754 974 4842 nddnci,
1009 4753 1077 4827 naa
1101 4765 1232 4828 ntntnr.
1293 4752 1418 4852 Neque
1449 4751 1668 4848 sagaciorem
1693 4746 1895 4842 Zumptium
1920 4745 1957 4813 in
