<?xml version="1.0" encoding="UTF-8"?>
<!DOCTYPE html PUBLIC "-//W3C//DTD XHTML 1.0 Transitional//EN"
    "http://www.w3.org/TR/xhtml1/DTD/xhtml1-transitional.dtd">
<html xmlns="http://www.w3.org/1999/xhtml" xml:lang="en" lang="en">
 <head>
  <title>
</title>
<meta http-equiv="Content-Type" content="text/html;charset=utf-8" />
  <meta name='ocr-system' content='tesseract 3.04.00' />
  <meta name='ocr-capabilities' content='ocr_page ocr_carea ocr_par ocr_line ocrx_word'/>
</head>
<body>
  <div class='ocr_page' id='page_1' title='image "./vindiciarumbrut00hermgoog_0034.png"; bbox 0 0 4418 5648; ppageno 0'>
   <div class='ocr_carea' id='block_1_1' title="bbox 155 534 1913 3961">
    <p class='ocr_par' dir='ltr' id='par_1_1' title="bbox 155 534 1913 3961">
     <span class='ocr_line' id='line_1_1' title="bbox 212 534 1913 638; baseline -0.001 -26"><span class='ocrx_word' id='word_1_1' title='bbox 212 536 310 638; x_wconf 90' lang='lat' dir='ltr'><strong>quod</strong></span> <span class='ocrx_word' id='word_1_2' title='bbox 339 534 481 634; x_wconf 86' lang='lat' dir='ltr'><strong>Lepido</strong></span> <span class='ocrx_word' id='word_1_3' title='bbox 508 548 624 631; x_wconf 84' lang='lat' dir='ltr'><strong>statua</strong></span> <span class='ocrx_word' id='word_1_4' title='bbox 658 536 798 610; x_wconf 89' lang='lat' dir='ltr'><strong>decreta</strong></span> <span class='ocrx_word' id='word_1_5' title='bbox 832 563 910 610; x_wconf 83' lang='lat' dir='ltr'><strong>csse</strong></span> <span class='ocrx_word' id='word_1_6' title='bbox 936 537 1087 632; x_wconf 86' lang='lat' dir='ltr'><strong>dicitur,</strong></span> <span class='ocrx_word' id='word_1_7' title='bbox 1121 549 1161 610; x_wconf 90' lang='lat' dir='ltr'><strong>ut</strong></span> <span class='ocrx_word' id='word_1_8' title='bbox 1188 565 1211 608; x_wconf 90' lang='lat' dir='ltr'><strong>o</strong></span> <span class='ocrx_word' id='word_1_9' title='bbox 1233 539 1357 637; x_wconf 77' lang='lat' dir='ltr'><strong>furore</strong></span> <span class='ocrx_word' id='word_1_10' title='bbox 1382 548 1625 627; x_wconf 85' lang='lat' dir='ltr'><strong>reuocaretur,</strong></span> <span class='ocrx_word' id='word_1_11' title='bbox 1659 543 1774 638; x_wconf 75' lang='lat' dir='ltr'><strong>magis</strong></span> <span class='ocrx_word' id='word_1_12' title='bbox 1801 539 1845 611; x_wconf 88' lang='lat' dir='ltr'><strong>ab</strong></span> <span class='ocrx_word' id='word_1_13' title='bbox 1872 564 1913 610; x_wconf 91' lang='lat' dir='ltr'><strong>eo</strong></span> 
     </span>
     <span class='ocr_line' id='line_1_2' title="bbox 211 663 1912 766; baseline 0 -28"><span class='ocrx_word' id='word_1_14' title='bbox 211 669 272 765; x_wconf 91' lang='lat' dir='ltr'><strong>qui</strong></span> <span class='ocrx_word' id='word_1_15' title='bbox 305 665 504 763; x_wconf 77' lang='lat' dir='ltr'><strong>elegantem</strong></span> <span class='ocrx_word' id='word_1_16' title='bbox 535 663 690 765; x_wconf 85' lang='lat' dir='ltr'><strong>aliquam</strong></span> <span class='ocrx_word' id='word_1_17' title='bbox 721 669 931 739; x_wconf 88' lang='lat' dir='ltr'><strong>sententiam</strong></span> <span class='ocrx_word' id='word_1_18' title='bbox 965 678 1151 766; x_wconf 89' lang='lat' dir='ltr'><strong>quaereret</strong></span> <span class='ocrx_word' id='word_1_19' title='bbox 1180 691 1286 763; x_wconf 89' lang='lat' dir='ltr'><strong>quam</strong></span> <span class='ocrx_word' id='word_1_20' title='bbox 1311 667 1372 762; x_wconf 91' lang='lat' dir='ltr'><strong>qui</strong></span> <span class='ocrx_word' id='word_1_21' title='bbox 1405 666 1456 735; x_wconf 93' lang='lat' dir='ltr'><strong>rei</strong></span> <span class='ocrx_word' id='word_1_22' title='bbox 1490 667 1673 737; x_wconf 85' lang='lat' dir='ltr'><strong>veritatem</strong></span> <span class='ocrx_word' id='word_1_23' title='bbox 1704 680 1912 766; x_wconf 82' lang='lat' dir='ltr'><strong>sequeretur</strong></span> 
     </span>
     <span class='ocr_line' id='line_1_3' title="bbox 209 792 1912 893; baseline -0.001 -28"><span class='ocrx_word' id='word_1_24' title='bbox 209 793 411 891; x_wconf 81' lang='lat' dir='ltr'><strong>proiectum</strong></span> <span class='ocrx_word' id='word_1_25' title='bbox 433 817 511 864; x_wconf 89' lang='lat' dir='ltr'><strong>esse</strong></span> <span class='ocrx_word' id='word_1_26' title='bbox 532 793 601 888; x_wconf 74' lang='lat' dir='ltr'><strong>ait,</strong></span> <span class='ocrx_word' id='word_1_27' title='bbox 631 796 860 892; x_wconf 88' lang='lat' dir='ltr'><strong>nequeenim</strong></span> <span class='ocrx_word' id='word_1_28' title='bbox 881 796 1045 867; x_wconf 86' lang='lat' dir='ltr'><strong>reuocari</strong></span> <span class='ocrx_word' id='word_1_29' title='bbox 1061 821 1086 866; x_wconf 86' lang='lat' dir='ltr'><strong>u</strong></span> <span class='ocrx_word' id='word_1_30' title='bbox 1105 795 1229 893; x_wconf 79' lang='lat' dir='ltr'><strong>furore</strong></span> <span class='ocrx_word' id='word_1_31' title='bbox 1250 818 1376 892; x_wconf 86' lang='lat' dir='ltr'><strong>posse,</strong></span> <span class='ocrx_word' id='word_1_32' title='bbox 1402 794 1471 864; x_wconf 89' lang='lat' dir='ltr'><strong>nisi</strong></span> <span class='ocrx_word' id='word_1_33' title='bbox 1497 795 1558 891; x_wconf 93' lang='lat' dir='ltr'><strong>qui</strong></span> <span class='ocrx_word' id='word_1_34' title='bbox 1581 792 1656 890; x_wconf 88' lang='lat' dir='ltr'><strong>jam</strong></span> <span class='ocrx_word' id='word_1_35' title='bbox 1677 796 1778 890; x_wconf 80' lang='lat' dir='ltr'>quasi</span> <span class='ocrx_word' id='word_1_36' title='bbox 1803 794 1912 864; x_wconf 83' lang='lat' dir='ltr'><strong>luric-</strong></span> 
     </span>
     <span class='ocr_line' id='line_1_4' title="bbox 210 918 1913 1022; baseline 0.001 -31"><span class='ocrx_word' id='word_1_37' title='bbox 210 946 271 991; x_wconf 88' lang='lat' dir='ltr'><strong>sus</strong></span> <span class='ocrx_word' id='word_1_38' title='bbox 298 921 424 1014; x_wconf 73' lang='lat' dir='ltr'><strong>fuerit,</strong></span> <span class='ocrx_word' id='word_1_39' title='bbox 458 929 664 993; x_wconf 89' lang='lat' dir='ltr'><strong>mortuusn&#39;e</strong></span> <span class='ocrx_word' id='word_1_40' title='bbox 688 923 799 1019; x_wconf 75' lang='lat' dir='ltr'><strong>igitur</strong></span> <span class='ocrx_word' id='word_1_41' title='bbox 825 923 941 994; x_wconf 83' lang='lat' dir='ltr'><strong>luerat</strong></span> <span class='ocrx_word' id='word_1_42' title='bbox 966 920 1115 1014; x_wconf 90' lang='lat' dir='ltr'><strong>Cicero,</strong></span> <span class='ocrx_word' id='word_1_43' title='bbox 1151 949 1260 1022; x_wconf 91' lang='lat' dir='ltr'><strong>quum</strong></span> <span class='ocrx_word' id='word_1_44' title='bbox 1286 920 1331 992; x_wconf 89' lang='lat' dir='ltr'><strong>ad</strong></span> <span class='ocrx_word' id='word_1_45' title='bbox 1357 921 1431 1013; x_wconf 81' lang='lat' dir='ltr'><strong>Qu.</strong></span> <span class='ocrx_word' id='word_1_46' title='bbox 1456 922 1502 992; x_wconf 90' lang='lat' dir='ltr'><strong>sr.</strong></span> <span class='ocrx_word' id='word_1_47' title='bbox 1527 923 1559 992; x_wconf 94' lang='lat' dir='ltr'><strong>l.</strong></span> <span class='ocrx_word' id='word_1_48' title='bbox 1578 919 1616 993; x_wconf 82' lang='grc'><strong>5.</strong></span> <span class='ocrx_word' id='word_1_49' title='bbox 1636 918 1662 990; x_wconf 78' lang='lat'>2</span> <span class='ocrx_word' id='word_1_50' title='bbox 1686 921 1755 993; x_wconf 81' lang='lat' dir='ltr'><strong>lroc</strong></span> <span class='ocrx_word' id='word_1_51' title='bbox 1780 947 1851 991; x_wconf 88' lang='lat' dir='ltr'><strong>uuo</strong></span> <span class='ocrx_word' id='word_1_52' title='bbox 1876 946 1913 992; x_wconf 83' lang='lat' dir='ltr'><strong>se</strong></span> 
     </span>
     <span class='ocr_line' id='line_1_5' title="bbox 209 1048 1913 1149; baseline 0 -31"><span class='ocrx_word' id='word_1_53' title='bbox 209 1074 294 1121; x_wconf 86' lang='lat' dir='ltr'><strong>oooc</strong></span> <span class='ocrx_word' id='word_1_54' title='bbox 319 1075 342 1122; x_wconf 87' lang='lat' dir='ltr'><strong>o</strong></span> <span class='ocrx_word' id='word_1_55' title='bbox 368 1059 479 1120; x_wconf 86' lang='lat' dir='ltr'><strong>morte</strong></span> <span class='ocrx_word' id='word_1_56' title='bbox 503 1060 704 1120; x_wconf 82' lang='lat' dir='ltr'><strong>reuocatum</strong></span> <span class='ocrx_word' id='word_1_57' title='bbox 729 1049 920 1142; x_wconf 79' lang='lat' dir='ltr'><strong>scriberet,</strong></span> <span class='ocrx_word' id='word_1_58' title='bbox 954 1051 1051 1149; x_wconf 85' lang='lat' dir='ltr'><strong>quod</strong></span> <span class='ocrx_word' id='word_1_59' title='bbox 1073 1074 1191 1122; x_wconf 78' lang='lat' dir='ltr'><strong>omues</strong></span> <span class='ocrx_word' id='word_1_60' title='bbox 1217 1051 1255 1119; x_wconf 83' lang='lat' dir='ltr'><strong>iu</strong></span> <span class='ocrx_word' id='word_1_61' title='bbox 1279 1076 1345 1123; x_wconf 81' lang='lat' dir='ltr'><strong>sua</strong></span> <span class='ocrx_word' id='word_1_62' title='bbox 1371 1049 1446 1120; x_wconf 84' lang='lat' dir='ltr'><strong>aito</strong></span> <span class='ocrx_word' id='word_1_63' title='bbox 1467 1059 1606 1145; x_wconf 84' lang='lat' dir='ltr'><strong>portem</strong></span> <span class='ocrx_word' id='word_1_64' title='bbox 1632 1048 1789 1147; x_wconf 84' lang='lat' dir='ltr'><strong>aliquam</strong></span> <span class='ocrx_word' id='word_1_65' title='bbox 1816 1048 1913 1119; x_wconf 85' lang='lat' dir='ltr'><strong>illius</strong></span> 
     </span>
     <span class='ocr_line' id='line_1_6' title="bbox 208 1174 1911 1276; baseline -0.001 -30"><span class='ocrx_word' id='word_1_66' title='bbox 208 1179 303 1249; x_wconf 84' lang='lat' dir='ltr'><strong>vitoe</strong></span> <span class='ocrx_word' id='word_1_67' title='bbox 326 1177 515 1272; x_wconf 75' lang='lat' dir='ltr'><strong>repositam</strong></span> <span class='ocrx_word' id='word_1_68' title='bbox 542 1200 616 1249; x_wconf 80' lang='lat' dir='ltr'><strong>erec</strong></span> <span class='ocrx_word' id='word_1_69' title='bbox 639 1177 824 1250; x_wconf 70' lang='lat' dir='ltr'><strong>dicerunt?</strong></span> <span class='ocrx_word' id='word_1_70' title='bbox 882 1179 974 1250; x_wconf 89' lang='lat' dir='ltr'><strong>Item</strong></span> <span class='ocrx_word' id='word_1_71' title='bbox 998 1205 1034 1275; x_wconf 87' lang='lat' dir='ltr'><strong>p.</strong></span> <span class='ocrx_word' id='word_1_72' title='bbox 1048 1174 1100 1248; x_wconf 74' lang='lat' dir='ltr'><strong>dl</strong></span> <span class='ocrx_word' id='word_1_73' title='bbox 1127 1180 1303 1276; x_wconf 81' lang='lat' dir='ltr'><strong>vituperat</strong></span> <span class='ocrx_word' id='word_1_74' title='bbox 1328 1176 1434 1251; x_wconf 82' lang='lat' dir='ltr'><strong>vcrlra</strong></span> <span class='ocrx_word' id='word_1_75' title='bbox 1464 1179 1529 1276; x_wconf 85' lang='lat' dir='ltr'><strong>qui</strong></span> <span class='ocrx_word' id='word_1_76' title='bbox 1550 1178 1741 1249; x_wconf 81' lang='lat' dir='ltr'><strong>oecrmdum</strong></span> <span class='ocrx_word' id='word_1_77' title='bbox 1763 1177 1911 1275; x_wconf 78' lang='lat' dir='ltr'><strong>fratrem</strong></span> 
     </span>
     <span class='ocr_line' id='line_1_7' title="bbox 209 1303 1907 1406; baseline -0.001 -30"><span class='ocrx_word' id='word_1_78' title='bbox 209 1305 331 1401; x_wconf 77' lang='lat' dir='ltr'><strong>affines</strong></span> <span class='ocrx_word' id='word_1_79' title='bbox 360 1303 467 1376; x_wconf 77' lang='lat' dir='ltr'><strong>tata</strong></span> <span class='ocrx_word' id='word_1_80' title='bbox 490 1328 577 1402; x_wconf 80' lang='lat' dir='ltr'><strong>quoe</strong></span> <span class='ocrx_word' id='word_1_81' title='bbox 607 1305 723 1377; x_wconf 84' lang='lat' dir='ltr'><strong>oderit</strong></span> <span class='ocrx_word' id='word_1_82' title='bbox 749 1306 955 1403; x_wconf 74' lang='lat' dir='ltr'><strong>proximm3</strong></span> <span class='ocrx_word' id='word_1_83' title='bbox 997 1303 1221 1378; x_wconf 87' lang='lat' dir='ltr'><strong>scribendum</strong></span> <span class='ocrx_word' id='word_1_84' title='bbox 1254 1308 1348 1405; x_wconf 79' lang='lat' dir='ltr'><strong>enim</strong></span> <span class='ocrx_word' id='word_1_85' title='bbox 1381 1306 1493 1377; x_wconf 85' lang='lat' dir='ltr'><strong>luisse</strong></span> <span class='ocrx_word' id='word_1_86' title='bbox 1525 1332 1547 1376; x_wconf 90' lang='lat' dir='ltr'><strong>a</strong></span> <span class='ocrx_word' id='word_1_87' title='bbox 1566 1307 1681 1406; x_wconf 79' lang='lat' dir='ltr'><strong>[rotro</strong></span> <span class='ocrx_word' id='word_1_88' title='bbox 1711 1306 1907 1401; x_wconf 81' lang='lat' dir='ltr'><strong>proximos,</strong></span> 
     </span>
     <span class='ocr_line' id='line_1_8' title="bbox 210 1429 1910 1534; baseline -0.001 -33"><span class='ocrx_word' id='word_1_89' title='bbox 210 1434 294 1530; x_wconf 81' lang='lat' dir='ltr'><strong>quia</strong></span> <span class='ocrx_word' id='word_1_90' title='bbox 318 1430 425 1502; x_wconf 87' lang='lat' dir='ltr'><strong>latine</strong></span> <span class='ocrx_word' id='word_1_91' title='bbox 452 1455 524 1503; x_wconf 93' lang='lat' dir='ltr'><strong>non</strong></span> <span class='ocrx_word' id='word_1_92' title='bbox 550 1429 689 1505; x_wconf 87' lang='lat' dir='ltr'><strong>dicatur</strong></span> <span class='ocrx_word' id='word_1_93' title='bbox 711 1459 825 1531; x_wconf 80' lang='lat' dir='ltr'><strong>prope</strong></span> <span class='ocrx_word' id='word_1_94' title='bbox 850 1459 927 1504; x_wconf 81' lang='lat' dir='ltr'><strong>eum</strong></span> <span class='ocrx_word' id='word_1_95' title='bbox 951 1434 1142 1505; x_wconf 78' lang='lat' dir='ltr'><strong>secuudum</strong></span> <span class='ocrx_word' id='word_1_96' title='bbox 1168 1434 1346 1534; x_wconf 76' lang='lat' dir='ltr'><strong>aliquem,</strong></span> <span class='ocrx_word' id='word_1_97' title='bbox 1379 1443 1417 1506; x_wconf 88' lang='lat' dir='ltr'><strong>at</strong></span> <span class='ocrx_word' id='word_1_98' title='bbox 1442 1433 1512 1504; x_wconf 93' lang='lat' dir='ltr'><strong>dici</strong></span> <span class='ocrx_word' id='word_1_99' title='bbox 1535 1435 1697 1531; x_wconf 80' lang='lat' dir='ltr'><strong>proxime</strong></span> <span class='ocrx_word' id='word_1_100' title='bbox 1721 1433 1910 1504; x_wconf 81' lang='lat' dir='ltr'><strong>secuudum</strong></span> 
     </span>
     <span class='ocr_line' id='line_1_9' title="bbox 209 1557 1911 1659; baseline -0.001 -28"><span class='ocrx_word' id='word_1_101' title='bbox 209 1560 370 1658; x_wconf 74' lang='lat' dir='ltr'><strong>geminus</strong></span> <span class='ocrx_word' id='word_1_102' title='bbox 394 1557 515 1630; x_wconf 86' lang='lat' dir='ltr'><strong>Plauti</strong></span> <span class='ocrx_word' id='word_1_103' title='bbox 541 1560 642 1632; x_wconf 88' lang='lat' dir='ltr'><strong>locus</strong></span> <span class='ocrx_word' id='word_1_104' title='bbox 669 1560 825 1634; x_wconf 86' lang='lat' dir='ltr'><strong>ostendit</strong></span> <span class='ocrx_word' id='word_1_105' title='bbox 851 1559 956 1659; x_wconf 88' lang='lat' dir='ltr'><strong>Capt.</strong></span> <span class='ocrx_word' id='word_1_106' title='bbox 974 1561 1025 1631; x_wconf 91' lang='lat' dir='ltr'><strong>II.</strong></span> <span class='ocrx_word' id='word_1_107' title='bbox 1045 1557 1081 1631; x_wconf 88' lang='lat' dir='ltr'><strong>l.</strong></span> <span class='ocrx_word' id='word_1_108' title='bbox 1098 1557 1170 1631; x_wconf 71' lang='lat'><strong>42:</strong></span> <span class='ocrx_word' id='word_1_109' title='bbox 1204 1588 1287 1633; x_wconf 88' lang='lat' dir='ltr'><strong>uam</strong></span> <span class='ocrx_word' id='word_1_110' title='bbox 1310 1565 1502 1634; x_wconf 76' lang='lat' dir='ltr'><strong>seoruadum</strong></span> <span class='ocrx_word' id='word_1_111' title='bbox 1522 1573 1659 1658; x_wconf 84' lang='lat' dir='ltr'><strong>patrem</strong></span> <span class='ocrx_word' id='word_1_112' title='bbox 1686 1573 1724 1633; x_wconf 86' lang='lat' dir='ltr'><strong>tu</strong></span> <span class='ocrx_word' id='word_1_113' title='bbox 1749 1586 1785 1632; x_wconf 85' lang='lat' dir='ltr'><strong>es</strong></span> <span class='ocrx_word' id='word_1_114' title='bbox 1806 1571 1911 1658; x_wconf 85' lang='lat' dir='ltr'><strong>puter·</strong></span> 
     </span>
     <span class='ocr_line' id='line_1_10' title="bbox 174 1665 1910 1788; baseline -0.002 -29"><span class='ocrx_word' id='word_1_115' title='bbox 174 1760 178 1768; x_wconf 77' lang='grc'>,</span> <span class='ocrx_word' id='word_1_116' title='bbox 205 1688 407 1782; x_wconf 77' lang='lat' dir='ltr'><strong>proximus,</strong></span> <span class='ocrx_word' id='word_1_117' title='bbox 438 1665 552 1785; x_wconf 88' lang='lat' dir='ltr'><strong>neque</strong></span> <span class='ocrx_word' id='word_1_118' title='bbox 575 1688 758 1761; x_wconf 76' lang='lat' dir='ltr'><strong>Ciceronis</strong></span> <span class='ocrx_word' id='word_1_119' title='bbox 785 1687 872 1759; x_wconf 89' lang='lat' dir='ltr'><strong>illud</strong></span> <span class='ocrx_word' id='word_1_120' title='bbox 894 1687 1046 1760; x_wconf 71' lang='lat' dir='ltr'><strong>ahenum</strong></span> <span class='ocrx_word' id='word_1_121' title='bbox 1073 1686 1180 1760; x_wconf 86' lang='lat' dir='ltr'><strong>Ollic.</strong></span> <span class='ocrx_word' id='word_1_122' title='bbox 1197 1690 1248 1760; x_wconf 93' lang='lat'><strong>11.</strong></span> <span class='ocrx_word' id='word_1_123' title='bbox 1266 1687 1312 1761; x_wconf 77' lang='lat'><strong>5:</strong></span> <span class='ocrx_word' id='word_1_124' title='bbox 1336 1693 1499 1788; x_wconf 85' lang='lat' dir='ltr'><strong>proxime</strong></span> <span class='ocrx_word' id='word_1_125' title='bbox 1526 1701 1641 1762; x_wconf 83' lang='lat' dir='ltr'><strong>autem</strong></span> <span class='ocrx_word' id='word_1_126' title='bbox 1664 1701 1698 1761; x_wconf 89' lang='lat' dir='ltr'><strong>et</strong></span> <span class='ocrx_word' id='word_1_127' title='bbox 1721 1690 1910 1760; x_wconf 78' lang='lat' dir='ltr'><strong>seceurdum</strong></span> 
     </span>
     <span class='ocr_line' id='line_1_11' title="bbox 208 1814 1910 1916; baseline -0.001 -29"><span class='ocrx_word' id='word_1_128' title='bbox 208 1816 293 1887; x_wconf 80' lang='lat' dir='ltr'><strong>door</strong></span> <span class='ocrx_word' id='word_1_129' title='bbox 317 1814 475 1885; x_wconf 76' lang='lat' dir='ltr'><strong>homiues</strong></span> <span class='ocrx_word' id='word_1_130' title='bbox 500 1815 699 1888; x_wconf 75' lang='lat' dir='ltr'><strong>homiuibus</strong></span> <span class='ocrx_word' id='word_1_131' title='bbox 725 1817 877 1888; x_wconf 79' lang='lat' dir='ltr'><strong>maxime</strong></span> <span class='ocrx_word' id='word_1_132' title='bbox 901 1816 1006 1890; x_wconf 75' lang='lat' dir='ltr'><strong>utiles</strong></span> <span class='ocrx_word' id='word_1_133' title='bbox 1038 1841 1111 1889; x_wconf 80' lang='lat' dir='ltr'><strong>carc</strong></span> <span class='ocrx_word' id='word_1_134' title='bbox 1140 1829 1299 1913; x_wconf 75' lang='lat' dir='ltr'><strong>possunt.</strong></span> <span class='ocrx_word' id='word_1_135' title='bbox 1350 1816 1487 1916; x_wconf 79' lang='lat' dir='ltr'><strong>Nempe</strong></span> <span class='ocrx_word' id='word_1_136' title='bbox 1520 1816 1616 1889; x_wconf 89' lang='lat' dir='ltr'><strong>aliud</strong></span> <span class='ocrx_word' id='word_1_137' title='bbox 1648 1828 1703 1889; x_wconf 89' lang='lat' dir='ltr'><strong>est</strong></span> <span class='ocrx_word' id='word_1_138' title='bbox 1728 1816 1910 1912; x_wconf 80' lang='lat' dir='ltr'><strong>prouiruus</strong></span> 
     </span>
     <span class='ocr_line' id='line_1_12' title="bbox 208 1941 1907 2044; baseline 0 -31"><span class='ocrx_word' id='word_1_139' title='bbox 208 1942 254 2013; x_wconf 81' lang='lat' dir='ltr'><strong>alr</strong></span> <span class='ocrx_word' id='word_1_140' title='bbox 276 1942 412 2043; x_wconf 82' lang='lat' dir='ltr'><strong>aliquo,</strong></span> <span class='ocrx_word' id='word_1_141' title='bbox 440 1941 502 2013; x_wconf 89' lang='lat' dir='ltr'><strong>ubi</strong></span> <span class='ocrx_word' id='word_1_142' title='bbox 522 1945 689 2040; x_wconf 90' lang='lat' dir='ltr'><strong>primaria</strong></span> <span class='ocrx_word' id='word_1_143' title='bbox 709 1944 823 2039; x_wconf 79' lang='lat' dir='ltr'><strong>visin</strong></span> <span class='ocrx_word' id='word_1_144' title='bbox 845 1943 1059 2042; x_wconf 81' lang='lat' dir='ltr'><strong>superlativo</strong></span> <span class='ocrx_word' id='word_1_145' title='bbox 1082 1947 1251 2036; x_wconf 88' lang='lat' dir='ltr'><strong>cernitur,</strong></span> <span class='ocrx_word' id='word_1_146' title='bbox 1280 1942 1377 2016; x_wconf 89' lang='lat' dir='ltr'><strong>aliud</strong></span> <span class='ocrx_word' id='word_1_147' title='bbox 1397 1947 1588 2018; x_wconf 72' lang='lat' dir='ltr'><strong>recaredum</strong></span> <span class='ocrx_word' id='word_1_148' title='bbox 1611 1944 1766 2044; x_wconf 79' lang='lat' dir='ltr'><strong>aliquem</strong></span> <span class='ocrx_word' id='word_1_149' title='bbox 1783 1946 1907 2040; x_wconf 78' lang='lat' dir='ltr'><strong>prori-</strong></span> 
     </span>
     <span class='ocr_line' id='line_1_13' title="bbox 210 2045 1907 2169; baseline -0.001 -29"><span class='ocrx_word' id='word_1_150' title='bbox 210 2095 306 2161; x_wconf 81' lang='lat' dir='ltr'><strong>mue,</strong></span> <span class='ocrx_word' id='word_1_151' title='bbox 344 2045 421 2140; x_wconf 86' lang='lat' dir='ltr'><strong>ubi</strong></span> <span class='ocrx_word' id='word_1_152' title='bbox 438 2070 497 2141; x_wconf 87' lang='lat' dir='ltr'><strong>hic</strong></span> <span class='ocrx_word' id='word_1_153' title='bbox 527 2084 567 2143; x_wconf 89' lang='lat' dir='ltr'><strong>ut</strong></span> <span class='ocrx_word' id='word_1_154' title='bbox 596 2070 656 2142; x_wconf 89' lang='lat' dir='ltr'><strong>alii</strong></span> <span class='ocrx_word' id='word_1_155' title='bbox 689 2072 893 2169; x_wconf 74' lang='lat' dir='ltr'><strong>superlativi</strong></span> <span class='ocrx_word' id='word_1_156' title='bbox 925 2071 970 2142; x_wconf 92' lang='lat' dir='ltr'><strong>ad</strong></span> <span class='ocrx_word' id='word_1_157' title='bbox 997 2073 1200 2169; x_wconf 86' lang='lat' dir='ltr'><strong>propiorem</strong></span> <span class='ocrx_word' id='word_1_158' title='bbox 1233 2083 1370 2144; x_wconf 88' lang='lat' dir='ltr'><strong>tantum</strong></span> <span class='ocrx_word' id='word_1_159' title='bbox 1396 2071 1636 2146; x_wconf 81' lang='lat' dir='ltr'><strong>definitionem</strong></span> <span class='ocrx_word' id='word_1_160' title='bbox 1665 2070 1825 2162; x_wconf 88' lang='lat' dir='ltr'><strong>accedit,</strong></span> <span class='ocrx_word' id='word_1_161' title='bbox 1860 2071 1907 2141; x_wconf 87' lang='lat' dir='ltr'><strong>cl&#39;.</strong></span> 
     </span>
     <span class='ocr_line' id='line_1_14' title="bbox 207 2194 1906 2300; baseline 0.001 -33"><span class='ocrx_word' id='word_1_162' title='bbox 207 2194 324 2268; x_wconf 69' lang='lat' dir='ltr'><strong>alcad.</strong></span> <span class='ocrx_word' id='word_1_163' title='bbox 342 2198 393 2268; x_wconf 90' lang='lat'><strong>11.</strong></span> <span class='ocrx_word' id='word_1_164' title='bbox 411 2195 459 2268; x_wconf 73' lang='lat' dir='ltr'><strong>d:</strong></span> <span class='ocrx_word' id='word_1_165' title='bbox 500 2195 671 2271; x_wconf 75' lang='lat' dir='ltr'><strong>Aristone</strong></span> <span class='ocrx_word' id='word_1_166' title='bbox 704 2210 739 2271; x_wconf 88' lang='lat' dir='ltr'><strong>et</strong></span> <span class='ocrx_word' id='word_1_167' title='bbox 775 2198 895 2270; x_wconf 80' lang='lat' dir='ltr'><strong>Dione</strong></span> <span class='ocrx_word' id='word_1_168' title='bbox 928 2199 1054 2298; x_wconf 78' lang='lat' dir='ltr'><strong>quibus</strong></span> <span class='ocrx_word' id='word_1_169' title='bbox 1084 2202 1275 2288; x_wconf 80' lang='lat' dir='ltr'><strong>secuudum</strong></span> <span class='ocrx_word' id='word_1_170' title='bbox 1305 2202 1455 2300; x_wconf 71' lang='lat' dir='ltr'><strong>[raucos</strong></span> <span class='ocrx_word' id='word_1_171' title='bbox 1488 2199 1680 2299; x_wconf 86' lang='lat' dir='ltr'><strong>plurimum</strong></span> <span class='ocrx_word' id='word_1_172' title='bbox 1710 2199 1906 2288; x_wconf 68' lang='lat' dir='ltr'><strong>tribuebat,</strong></span> 
     </span>
     <span class='ocr_line' id='line_1_15' title="bbox 208 2301 1904 2428; baseline 0 -33"><span class='ocrx_word' id='word_1_173' title='bbox 208 2325 305 2422; x_wconf 91' lang='lat' dir='ltr'><strong>quod</strong></span> <span class='ocrx_word' id='word_1_174' title='bbox 331 2328 362 2395; x_wconf 94' lang='lat' dir='ltr'><strong>si</strong></span> <span class='ocrx_word' id='word_1_175' title='bbox 384 2324 514 2398; x_wconf 87' lang='lat' dir='ltr'><strong>Cicero</strong></span> <span class='ocrx_word' id='word_1_176' title='bbox 538 2329 742 2424; x_wconf 86' lang='lat' dir='ltr'><strong>scripsisset</strong></span> <span class='ocrx_word' id='word_1_177' title='bbox 762 2324 939 2423; x_wconf 89' lang='lat' dir='ltr'><strong>Lepidum</strong></span> <span class='ocrx_word' id='word_1_178' title='bbox 958 2328 1143 2422; x_wconf 78' lang='lat' dir='ltr'><strong>proximor</strong></span> <span class='ocrx_word' id='word_1_179' title='bbox 1172 2355 1195 2398; x_wconf 86' lang='lat' dir='ltr'><strong>o</strong></span> <span class='ocrx_word' id='word_1_180' title='bbox 1214 2329 1330 2428; x_wconf 76' lang='lat' dir='ltr'><strong>[rotro</strong></span> <span class='ocrx_word' id='word_1_181' title='bbox 1354 2301 1484 2400; x_wconf 79' lang='lat' dir='ltr'><strong>dobere</strong></span> <span class='ocrx_word' id='word_1_182' title='bbox 1515 2352 1602 2427; x_wconf 86' lang='lat' dir='ltr'><strong>quos</strong></span> <span class='ocrx_word' id='word_1_183' title='bbox 1621 2326 1738 2397; x_wconf 86' lang='lat' dir='ltr'><strong>oderit</strong></span> <span class='ocrx_word' id='word_1_184' title='bbox 1769 2326 1904 2422; x_wconf 79' lang='lat' dir='ltr'><strong>affines,</strong></span> 
     </span>
     <span class='ocr_line' id='line_1_16' title="bbox 207 2450 1907 2552; baseline 0.001 -30"><span class='ocrx_word' id='word_1_185' title='bbox 207 2454 333 2523; x_wconf 87' lang='lat' dir='ltr'><strong>horum</strong></span> <span class='ocrx_word' id='word_1_186' title='bbox 357 2450 476 2523; x_wconf 90' lang='lat' dir='ltr'><strong>odium</strong></span> <span class='ocrx_word' id='word_1_187' title='bbox 497 2454 642 2525; x_wconf 92' lang='lat' dir='ltr'><strong>minimo</strong></span> <span class='ocrx_word' id='word_1_188' title='bbox 665 2454 850 2527; x_wconf 83' lang='lat' dir='ltr'><strong>intervallo</strong></span> <span class='ocrx_word' id='word_1_189' title='bbox 873 2481 894 2524; x_wconf 91' lang='lat' dir='ltr'><strong>a</strong></span> <span class='ocrx_word' id='word_1_190' title='bbox 919 2454 1039 2526; x_wconf 77' lang='lat' dir='ltr'><strong>fratris</strong></span> <span class='ocrx_word' id='word_1_191' title='bbox 1063 2454 1145 2526; x_wconf 93' lang='lat' dir='ltr'><strong>odio</strong></span> <span class='ocrx_word' id='word_1_192' title='bbox 1169 2455 1299 2528; x_wconf 89' lang='lat' dir='ltr'><strong>distare</strong></span> <span class='ocrx_word' id='word_1_193' title='bbox 1321 2454 1489 2552; x_wconf 73' lang='lat' dir='ltr'><strong>dixisset,</strong></span> <span class='ocrx_word' id='word_1_194' title='bbox 1523 2480 1616 2525; x_wconf 87' lang='lat' dir='ltr'><strong>nunc</strong></span> <span class='ocrx_word' id='word_1_195' title='bbox 1643 2465 1759 2526; x_wconf 89' lang='lat' dir='ltr'><strong>autem</strong></span> <span class='ocrx_word' id='word_1_196' title='bbox 1784 2478 1907 2524; x_wconf 90' lang='lat' dir='ltr'><strong>secun·</strong></span> 
     </span>
     <span class='ocr_line' id='line_1_17' title="bbox 208 2577 1906 2682; baseline 0.001 -34"><span class='ocrx_word' id='word_1_197' title='bbox 208 2577 290 2649; x_wconf 86' lang='lat' dir='ltr'><strong>dum</strong></span> <span class='ocrx_word' id='word_1_198' title='bbox 317 2580 462 2650; x_wconf 82' lang='lat' dir='ltr'><strong>fratrem</strong></span> <span class='ocrx_word' id='word_1_199' title='bbox 488 2593 596 2679; x_wconf 72' lang='lat' dir='ltr'><strong>negat</strong></span> <span class='ocrx_word' id='word_1_200' title='bbox 621 2607 699 2654; x_wconf 91' lang='lat' dir='ltr'><strong>csse</strong></span> <span class='ocrx_word' id='word_1_201' title='bbox 723 2608 872 2682; x_wconf 88' lang='lat' dir='ltr'><strong>quorum</strong></span> <span class='ocrx_word' id='word_1_202' title='bbox 895 2581 1014 2653; x_wconf 91' lang='lat' dir='ltr'><strong>odium</strong></span> <span class='ocrx_word' id='word_1_203' title='bbox 1037 2584 1185 2680; x_wconf 92' lang='lat' dir='ltr'><strong>propius</strong></span> <span class='ocrx_word' id='word_1_204' title='bbox 1207 2583 1253 2653; x_wconf 90' lang='lat' dir='ltr'><strong>ad</strong></span> <span class='ocrx_word' id='word_1_205' title='bbox 1274 2583 1367 2656; x_wconf 91' lang='lat' dir='ltr'><strong>illius</strong></span> <span class='ocrx_word' id='word_1_206' title='bbox 1391 2583 1510 2657; x_wconf 93' lang='lat' dir='ltr'><strong>odium</strong></span> <span class='ocrx_word' id='word_1_207' title='bbox 1531 2581 1689 2654; x_wconf 85' lang='lat' dir='ltr'><strong>accedat.</strong></span> <span class='ocrx_word' id='word_1_208' title='bbox 1740 2582 1906 2679; x_wconf 86' lang='lat' dir='ltr'><strong>Denique</strong></span> 
     </span>
     <span class='ocr_line' id='line_1_18' title="bbox 204 2704 1905 2810; baseline 0.001 -34"><span class='ocrx_word' id='word_1_209' title='bbox 204 2735 240 2803; x_wconf 92' lang='lat' dir='ltr'><strong>p.</strong></span> <span class='ocrx_word' id='word_1_210' title='bbox 255 2704 309 2776; x_wconf 68' lang='lat'><strong>45</strong></span> <span class='ocrx_word' id='word_1_211' title='bbox 339 2705 395 2778; x_wconf 79' lang='lat' dir='ltr'><strong>lris</strong></span> <span class='ocrx_word' id='word_1_212' title='bbox 428 2708 478 2780; x_wconf 86' lang='lat' dir='ltr'><strong>ita</strong></span> <span class='ocrx_word' id='word_1_213' title='bbox 508 2709 629 2806; x_wconf 87' lang='lat' dir='ltr'><strong>lapsus</strong></span> <span class='ocrx_word' id='word_1_214' title='bbox 662 2722 734 2803; x_wconf 88' lang='lat' dir='ltr'><strong>est,</strong></span> <span class='ocrx_word' id='word_1_215' title='bbox 766 2723 806 2781; x_wconf 86' lang='lat' dir='ltr'><strong>nt</strong></span> <span class='ocrx_word' id='word_1_216' title='bbox 831 2711 899 2781; x_wconf 91' lang='lat' dir='ltr'><strong>nisi</strong></span> <span class='ocrx_word' id='word_1_217' title='bbox 926 2737 1006 2782; x_wconf 91' lang='lat' dir='ltr'><strong>enm</strong></span> <span class='ocrx_word' id='word_1_218' title='bbox 1031 2710 1077 2781; x_wconf 88' lang='lat' dir='ltr'><strong>ad</strong></span> <span class='ocrx_word' id='word_1_219' title='bbox 1100 2710 1208 2784; x_wconf 88' lang='lat' dir='ltr'><strong>linem</strong></span> <span class='ocrx_word' id='word_1_220' title='bbox 1238 2709 1485 2810; x_wconf 82' lang='lat' dir='ltr'><strong>disputationis</strong></span> <span class='ocrx_word' id='word_1_221' title='bbox 1517 2711 1727 2809; x_wconf 86' lang='lat' dir='ltr'><strong>properasse</strong></span> <span class='ocrx_word' id='word_1_222' title='bbox 1758 2720 1905 2797; x_wconf 85' lang='lat' dir='ltr'><strong>statuas,</strong></span> 
     </span>
     <span class='ocr_line' id='line_1_19' title="bbox 206 2818 1904 2938; baseline -0.003 -28"><span class='ocrx_word' id='word_1_223' title='bbox 206 2818 468 2910; x_wconf 81' lang='lat' dir='ltr'><strong>excusationum</strong></span> <span class='ocrx_word' id='word_1_224' title='bbox 501 2838 561 2907; x_wconf 82' lang='lat' dir='ltr'><strong>vix</strong></span> <span class='ocrx_word' id='word_1_225' title='bbox 594 2838 765 2911; x_wconf 83' lang='lat' dir='ltr'><strong>invenias.</strong></span> <span class='ocrx_word' id='word_1_226' title='bbox 825 2839 877 2910; x_wconf 85' lang='lat' dir='ltr'><strong>Et</strong></span> <span class='ocrx_word' id='word_1_227' title='bbox 907 2839 1058 2935; x_wconf 88' lang='lat' dir='ltr'><strong>primum</strong></span> <span class='ocrx_word' id='word_1_228' title='bbox 1091 2839 1233 2938; x_wconf 90' lang='lat' dir='ltr'><strong>quidem</strong></span> <span class='ocrx_word' id='word_1_229' title='bbox 1265 2839 1351 2912; x_wconf 92' lang='lat' dir='ltr'><strong>illud</strong></span> <span class='ocrx_word' id='word_1_230' title='bbox 1383 2836 1628 2938; x_wconf 75' lang='lat' dir='ltr'><strong>reprehendit,</strong></span> <span class='ocrx_word' id='word_1_231' title='bbox 1662 2833 1757 2936; x_wconf 91' lang='lat' dir='ltr'><strong>quod</strong></span> <span class='ocrx_word' id='word_1_232' title='bbox 1784 2834 1904 2908; x_wconf 88' lang='lat' dir='ltr'><strong>cadem</strong></span> 
     </span>
     <span class='ocr_line' id='line_1_20' title="bbox 205 2963 1903 3066; baseline 0.001 -33"><span class='ocrx_word' id='word_1_233' title='bbox 205 2966 241 3034; x_wconf 88' lang='lat' dir='ltr'><strong>in</strong></span> <span class='ocrx_word' id='word_1_234' title='bbox 275 2988 399 3056; x_wconf 84' lang='lat' dir='ltr'><strong>causa,</strong></span> <span class='ocrx_word' id='word_1_235' title='bbox 437 2990 514 3064; x_wconf 17' lang='lat' dir='ltr'><strong>qna,</strong></span> <span class='ocrx_word' id='word_1_236' title='bbox 535 2963 664 3038; x_wconf 91' lang='lat' dir='ltr'><strong>Cicero</strong></span> <span class='ocrx_word' id='word_1_237' title='bbox 698 2964 742 3036; x_wconf 87' lang='lat' dir='ltr'><strong>ad</strong></span> <span class='ocrx_word' id='word_1_238' title='bbox 777 2965 942 3037; x_wconf 89' lang='lat' dir='ltr'><strong>Cassium</strong></span> <span class='ocrx_word' id='word_1_239' title='bbox 976 2965 1102 3039; x_wconf 83' lang='lat' dir='ltr'><strong>scribit</strong></span> <span class='ocrx_word' id='word_1_240' title='bbox 1132 2970 1234 3039; x_wconf 85' lang='lat' dir='ltr'><strong>Fam.</strong></span> <span class='ocrx_word' id='word_1_241' title='bbox 1259 2967 1349 3039; x_wconf 84' lang='lat' dir='ltr'><strong>XII.</strong></span> <span class='ocrx_word' id='word_1_242' title='bbox 1374 2964 1444 3038; x_wconf 80' lang='grc' dir='ltr'><strong>1οι</strong></span> <span class='ocrx_word' id='word_1_243' title='bbox 1476 2966 1664 3066; x_wconf 83' lang='lat' dir='ltr'><strong>praeclare</strong></span> <span class='ocrx_word' id='word_1_244' title='bbox 1695 2965 1903 3052; x_wconf 80' lang='lat' dir='ltr'><strong>viceramus,</strong></span> 
     </span>
     <span class='ocr_line' id='line_1_21' title="bbox 155 3090 1906 3199; baseline -0.001 -40"><span class='ocrx_word' id='word_1_245' title='bbox 155 3192 160 3199; x_wconf 18' lang='lat'><strong>⁶</strong></span> <span class='ocrx_word' id='word_1_246' title='bbox 205 3090 278 3160; x_wconf 78' lang='lat' dir='ltr'><strong>uiri</strong></span> <span class='ocrx_word' id='word_1_247' title='bbox 306 3091 499 3188; x_wconf 77' lang='lat' dir='ltr'><strong>sapientem</strong></span> <span class='ocrx_word' id='word_1_248' title='bbox 524 3090 685 3190; x_wconf 79' lang='lat' dir='ltr'><strong>Lepidus</strong></span> <span class='ocrx_word' id='word_1_249' title='bbox 715 3096 902 3192; x_wconf 61' lang='lat' dir='ltr'><strong>recepisset</strong></span> <span class='ocrx_word' id='word_1_250' title='bbox 921 3092 1139 3185; x_wconf 82' lang='lat' dir='ltr'><strong>Antonium,</strong></span> <span class='ocrx_word' id='word_1_251' title='bbox 1178 3121 1273 3166; x_wconf 89' lang='lat' dir='ltr'><strong>nunc</strong></span> <span class='ocrx_word' id='word_1_252' title='bbox 1295 3095 1345 3168; x_wconf 86' lang='lat' dir='ltr'><strong>ita</strong></span> <span class='ocrx_word' id='word_1_253' title='bbox 1370 3095 1467 3194; x_wconf 91' lang='lat' dir='ltr'><strong>loqui</strong></span> <span class='ocrx_word' id='word_1_254' title='bbox 1493 3095 1635 3167; x_wconf 87' lang='lat' dir='ltr'><strong>maluit:</strong></span> <span class='ocrx_word' id='word_1_255' title='bbox 1668 3093 1906 3191; x_wconf 77' lang='lat' dir='ltr'><strong>pulcherrime</strong></span> 
     </span>
     <span class='ocr_line' id='line_1_22' title="bbox 204 3217 1904 3320; baseline 0.002 -34"><span class='ocrx_word' id='word_1_256' title='bbox 204 3219 420 3306; x_wconf 78' lang='lat' dir='ltr'><strong>viceramus,</strong></span> <span class='ocrx_word' id='word_1_257' title='bbox 461 3219 535 3290; x_wconf 82' lang='lat' dir='ltr'><strong>uiri</strong></span> <span class='ocrx_word' id='word_1_258' title='bbox 563 3219 723 3317; x_wconf 79' lang='lat' dir='ltr'><strong>Lepidm</strong></span> <span class='ocrx_word' id='word_1_259' title='bbox 753 3224 904 3318; x_wconf 69' lang='lat' dir='ltr'><strong>perdere</strong></span> <span class='ocrx_word' id='word_1_260' title='bbox 936 3225 1054 3295; x_wconf 83' lang='lat' dir='ltr'><strong>cronio</strong></span> <span class='ocrx_word' id='word_1_261' title='bbox 1086 3235 1120 3296; x_wconf 84' lang='lat' dir='ltr'><strong>ct</strong></span> <span class='ocrx_word' id='word_1_262' title='bbox 1148 3225 1270 3320; x_wconf 83' lang='lat' dir='ltr'><strong>perire</strong></span> <span class='ocrx_word' id='word_1_263' title='bbox 1305 3249 1382 3296; x_wconf 79' lang='lat' dir='ltr'><strong>oram</strong></span> <span class='ocrx_word' id='word_1_264' title='bbox 1418 3225 1492 3296; x_wconf 80' lang='lat' dir='ltr'><strong>suia</strong></span> <span class='ocrx_word' id='word_1_265' title='bbox 1528 3222 1802 3318; x_wconf 78' lang='lat' dir='ltr'><strong>concupivisset,</strong></span> <span class='ocrx_word' id='word_1_266' title='bbox 1843 3217 1904 3290; x_wconf 89' lang='lat' dir='ltr'><strong>ubi</strong></span> 
     </span>
     <span class='ocr_line' id='line_1_23' title="bbox 206 3347 1902 3449; baseline 0.001 -33"><span class='ocrx_word' id='word_1_267' title='bbox 206 3371 314 3445; x_wconf 91' lang='lat' dir='ltr'><strong>quum</strong></span> <span class='ocrx_word' id='word_1_268' title='bbox 346 3347 423 3442; x_wconf 89' lang='lat' dir='ltr'><strong>ipsa</strong></span> <span class='ocrx_word' id='word_1_269' title='bbox 457 3348 627 3418; x_wconf 87' lang='lat' dir='ltr'><strong>orationis</strong></span> <span class='ocrx_word' id='word_1_270' title='bbox 660 3351 810 3423; x_wconf 88' lang='lat' dir='ltr'><strong>varietas</strong></span> <span class='ocrx_word' id='word_1_271' title='bbox 846 3350 1034 3449; x_wconf 88' lang='lat' dir='ltr'><strong>prohibere</strong></span> <span class='ocrx_word' id='word_1_272' title='bbox 1066 3351 1263 3444; x_wconf 86' lang='lat' dir='ltr'><strong>videretur,</strong></span> <span class='ocrx_word' id='word_1_273' title='bbox 1303 3377 1347 3423; x_wconf 89' lang='lat' dir='ltr'><strong>ne</strong></span> <span class='ocrx_word' id='word_1_274' title='bbox 1379 3351 1611 3422; x_wconf 86' lang='lat' dir='ltr'><strong>imitationem</strong></span> <span class='ocrx_word' id='word_1_275' title='bbox 1644 3360 1826 3448; x_wconf 76' lang='lat' dir='ltr'><strong>argueret,</strong></span> <span class='ocrx_word' id='word_1_276' title='bbox 1860 3374 1902 3418; x_wconf 92' lang='lat' dir='ltr'><strong>eo</strong></span> 
     </span>
     <span class='ocr_line' id='line_1_24' title="bbox 205 3472 1903 3581; baseline 0.001 -38"><span class='ocrx_word' id='word_1_277' title='bbox 205 3472 388 3570; x_wconf 73' lang='lat' dir='ltr'><strong>confugit,</strong></span> <span class='ocrx_word' id='word_1_278' title='bbox 422 3486 461 3544; x_wconf 90' lang='lat' dir='ltr'><strong>ut</strong></span> <span class='ocrx_word' id='word_1_279' title='bbox 487 3472 697 3550; x_wconf 88' lang='lat' dir='ltr'><strong>Ciceronem</strong></span> <span class='ocrx_word' id='word_1_280' title='bbox 728 3505 902 3578; x_wconf 89' lang='lat' dir='ltr'><strong>nusquam</strong></span> <span class='ocrx_word' id='word_1_281' title='bbox 931 3478 1083 3576; x_wconf 79' lang='lat' dir='ltr'><strong>pulolrer</strong></span> <span class='ocrx_word' id='word_1_282' title='bbox 1109 3492 1146 3551; x_wconf 93' lang='lat' dir='ltr'><strong>et</strong></span> <span class='ocrx_word' id='word_1_283' title='bbox 1172 3477 1411 3573; x_wconf 79' lang='lat' dir='ltr'><strong>puledem&#39;me</strong></span> <span class='ocrx_word' id='word_1_284' title='bbox 1442 3475 1611 3549; x_wconf 88' lang='lat' dir='ltr'><strong>translata</strong></span> <span class='ocrx_word' id='word_1_285' title='bbox 1642 3475 1903 3581; x_wconf 73' lang='lat' dir='ltr'><strong>significatione</strong></span> 
     </span>
     <span class='ocr_line' id='line_1_25' title="bbox 208 3600 1903 3706; baseline -0.001 -32"><span class='ocrx_word' id='word_1_286' title='bbox 208 3629 397 3700; x_wconf 86' lang='lat' dir='ltr'><strong>usurpasse</strong></span> <span class='ocrx_word' id='word_1_287' title='bbox 424 3600 558 3676; x_wconf 88' lang='lat' dir='ltr'><strong>diceret</strong></span> <span class='ocrx_word' id='word_1_288' title='bbox 584 3607 654 3677; x_wconf 92' lang='lat' dir='ltr'><strong>nisi</strong></span> <span class='ocrx_word' id='word_1_289' title='bbox 681 3630 760 3677; x_wconf 88' lang='lat' dir='ltr'><strong>cum</strong></span> <span class='ocrx_word' id='word_1_290' title='bbox 786 3608 949 3679; x_wconf 87' lang='lat' dir='ltr'><strong>irrisione</strong></span> <span class='ocrx_word' id='word_1_291' title='bbox 975 3606 1111 3706; x_wconf 85' lang='lat' dir='ltr'><strong>aliqua,</strong></span> <span class='ocrx_word' id='word_1_292' title='bbox 1135 3616 1352 3705; x_wconf 76' lang='lat' dir='ltr'><strong>negaretque</strong></span> <span class='ocrx_word' id='word_1_293' title='bbox 1374 3607 1555 3677; x_wconf 81' lang='lat' dir='ltr'><strong>inventum</strong></span> <span class='ocrx_word' id='word_1_294' title='bbox 1580 3604 1625 3674; x_wconf 90' lang='lat' dir='ltr'><strong>iri</strong></span> <span class='ocrx_word' id='word_1_295' title='bbox 1649 3602 1767 3674; x_wconf 90' lang='lat' dir='ltr'><strong>locum</strong></span> <span class='ocrx_word' id='word_1_296' title='bbox 1781 3600 1903 3695; x_wconf 87' lang='lat' dir='ltr'><strong>ullum,</strong></span> 
     </span>
     <span class='ocr_line' id='line_1_26' title="bbox 205 3728 1902 3835; baseline -0.001 -34"><span class='ocrx_word' id='word_1_297' title='bbox 205 3729 265 3801; x_wconf 88' lang='lat' dir='ltr'><strong>ubi</strong></span> <span class='ocrx_word' id='word_1_298' title='bbox 292 3728 421 3804; x_wconf 89' lang='lat' dir='ltr'><strong>Cicero</strong></span> <span class='ocrx_word' id='word_1_299' title='bbox 444 3733 537 3803; x_wconf 94' lang='lat' dir='ltr'><strong>serio</strong></span> <span class='ocrx_word' id='word_1_300' title='bbox 560 3732 709 3832; x_wconf 87' lang='lat' dir='ltr'><strong>loquens</strong></span> <span class='ocrx_word' id='word_1_301' title='bbox 732 3761 806 3807; x_wconf 92' lang='lat' dir='ltr'><strong>rem</strong></span> <span class='ocrx_word' id='word_1_302' title='bbox 829 3735 934 3807; x_wconf 91' lang='lat' dir='ltr'><strong>talem</strong></span> <span class='ocrx_word' id='word_1_303' title='bbox 957 3735 1071 3835; x_wconf 83' lang='lat' dir='ltr'><strong>qualis</strong></span> <span class='ocrx_word' id='word_1_304' title='bbox 1093 3734 1242 3805; x_wconf 85' lang='lat' dir='ltr'><strong>victoria</strong></span> <span class='ocrx_word' id='word_1_305' title='bbox 1263 3744 1318 3805; x_wconf 90' lang='lat' dir='ltr'><strong>est</strong></span> <span class='ocrx_word' id='word_1_306' title='bbox 1342 3731 1529 3830; x_wconf 72' lang='lat' dir='ltr'><strong>pastolarem</strong></span> <span class='ocrx_word' id='word_1_307' title='bbox 1551 3729 1710 3802; x_wconf 89' lang='lat' dir='ltr'><strong>dixisset.</strong></span> <span class='ocrx_word' id='word_1_308' title='bbox 1769 3731 1902 3803; x_wconf 86' lang='lat' dir='ltr'><strong>Nescio</strong></span> 
     </span>
     <span class='ocr_line' id='line_1_27' title="bbox 204 3855 1900 3961; baseline -0.002 -31"><span class='ocrx_word' id='word_1_309' title='bbox 204 3885 389 3960; x_wconf 89' lang='lat' dir='ltr'><strong>quousque</strong></span> <span class='ocrx_word' id='word_1_310' title='bbox 428 3860 511 3933; x_wconf 76' lang='lat' dir='ltr'><strong>tolie</strong></span> <span class='ocrx_word' id='word_1_311' title='bbox 551 3862 607 3932; x_wconf 88' lang='lat' dir='ltr'><strong>rei</strong></span> <span class='ocrx_word' id='word_1_312' title='bbox 637 3863 934 3961; x_wconf 69' lang='lat' dir='ltr'><strong>significationem</strong></span> <span class='ocrx_word' id='word_1_313' title='bbox 967 3858 1153 3955; x_wconf 76' lang='lat' dir='ltr'><strong>extenda13</strong></span> <span class='ocrx_word' id='word_1_314' title='bbox 1190 3872 1226 3931; x_wconf 92' lang='lat' dir='ltr'><strong>at</strong></span> <span class='ocrx_word' id='word_1_315' title='bbox 1253 3861 1322 3949; x_wconf 90' lang='lat' dir='ltr'><strong>nisi</strong></span> <span class='ocrx_word' id='word_1_316' title='bbox 1352 3863 1467 3959; x_wconf 91' lang='lat' dir='ltr'><strong>ipsum</strong></span> <span class='ocrx_word' id='word_1_317' title='bbox 1499 3859 1665 3931; x_wconf 86' lang='lat' dir='ltr'><strong>viuceudi</strong></span> <span class='ocrx_word' id='word_1_318' title='bbox 1695 3855 1900 3929; x_wconf 80' lang='lat' dir='ltr'><strong>vocabrdum</strong></span> 
     </span>
    </p>
   </div>
   <div class='ocr_carea' id='block_1_2' title="bbox 104 3986 1903 4088">
    <p class='ocr_par' dir='ltr' id='par_1_2' title="bbox 104 3974 1903 4088">
     <span class='ocr_line' id='line_1_28' title="bbox 104 3986 1903 4088; baseline -0.007 -24"><span class='ocrx_word' id='word_1_319' title='bbox 104 4060 108 4064; x_wconf 84' lang='lat'><strong>.</strong></span> <span class='ocrx_word' id='word_1_320' title='bbox 203 3990 332 4059; x_wconf 87' lang='lat' dir='ltr'><strong>urserit</strong></span> <span class='ocrx_word' id='word_1_321' title='bbox 349 3986 421 4087; x_wconf 77' lang='lat'><strong>3⁵),</strong></span> <span class='ocrx_word' id='word_1_322' title='bbox 448 3991 485 4058; x_wconf 93' lang='lat' dir='ltr'><strong>in</strong></span> <span class='ocrx_word' id='word_1_323' title='bbox 509 4002 677 4086; x_wconf 87' lang='lat' dir='ltr'><strong>promptu</strong></span> <span class='ocrx_word' id='word_1_324' title='bbox 696 4004 752 4062; x_wconf 87' lang='lat' dir='ltr'><strong>est</strong></span> <span class='ocrx_word' id='word_1_325' title='bbox 771 3993 873 4063; x_wconf 87' lang='lat' dir='ltr'><strong>Fam.</strong></span> <span class='ocrx_word' id='word_1_326' title='bbox 891 3991 922 4061; x_wconf 94' lang='lat' dir='ltr'><strong>l.</strong></span> <span class='ocrx_word' id='word_1_327' title='bbox 937 3987 984 4059; x_wconf 82' lang='lat' dir='ltr'><strong>ll:</strong></span> <span class='ocrx_word' id='word_1_328' title='bbox 1010 4014 1116 4088; x_wconf 75' lang='lat' dir='ltr'><strong>quaem</strong></span> <span class='ocrx_word' id='word_1_329' title='bbox 1137 3990 1174 4058; x_wconf 86' lang='lat' dir='ltr'><strong>iu</strong></span> <span class='ocrx_word' id='word_1_330' title='bbox 1196 3999 1320 4061; x_wconf 75' lang='lat' dir='ltr'><strong>serato</strong></span> <span class='ocrx_word' id='word_1_331' title='bbox 1337 3988 1575 4085; x_wconf 73' lang='lat' dir='ltr'><strong>pulcherrimo</strong></span> <span class='ocrx_word' id='word_1_332' title='bbox 1593 3998 1777 4073; x_wconf 82' lang='lat' dir='ltr'><strong>staremus,</strong></span> <span class='ocrx_word' id='word_1_333' title='bbox 1806 3986 1903 4083; x_wconf 80' lang='lat' dir='ltr'><strong>quod</strong></span> 
     </span>
    </p>
   </div>
   <div class='ocr_carea' id='block_1_3' title="bbox 200 4196 1900 4855">
    <p class='ocr_par' dir='ltr' id='par_1_3' title="bbox 200 4196 1900 4662">
     <span class='ocr_line' id='line_1_29' title="bbox 203 4196 1899 4272; baseline -0.004 -20"><span class='ocrx_word' id='word_1_334' title='bbox 203 4204 327 4254; x_wconf 75' lang='lat' dir='ltr'><strong>omuibus</strong></span> <span class='ocrx_word' id='word_1_335' title='bbox 344 4201 415 4253; x_wconf 82' lang='lat' dir='ltr'><strong>diuis</strong></span> <span class='ocrx_word' id='word_1_336' title='bbox 432 4201 583 4253; x_wconf 76' lang='lat' dir='ltr'><strong>sacerdotes</strong></span> <span class='ocrx_word' id='word_1_337' title='bbox 600 4204 736 4270; x_wconf 73' lang='lat' dir='ltr'><strong>assignet,</strong></span> <span class='ocrx_word' id='word_1_338' title='bbox 759 4201 830 4252; x_wconf 82' lang='lat' dir='ltr'><strong>nilil</strong></span> <span class='ocrx_word' id='word_1_339' title='bbox 847 4203 923 4252; x_wconf 78' lang='lat' dir='ltr'><strong>eliud</strong></span> <span class='ocrx_word' id='word_1_340' title='bbox 941 4201 1027 4262; x_wconf 83' lang='lat' dir='ltr'><strong>dicit,</strong></span> <span class='ocrx_word' id='word_1_341' title='bbox 1045 4202 1099 4251; x_wconf 78' lang='lat' dir='ltr'><strong>niti</strong></span> <span class='ocrx_word' id='word_1_342' title='bbox 1118 4217 1193 4254; x_wconf 79' lang='lat' dir='ltr'><strong>secra</strong></span> <span class='ocrx_word' id='word_1_343' title='bbox 1212 4202 1339 4272; x_wconf 77' lang='lat' dir='ltr'><strong>publicu,</strong></span> <span class='ocrx_word' id='word_1_344' title='bbox 1365 4203 1517 4270; x_wconf 82' lang='lat' dir='ltr'><strong>cuicunque</strong></span> <span class='ocrx_word' id='word_1_345' title='bbox 1535 4203 1585 4252; x_wconf 90' lang='lat' dir='ltr'><strong>deo</strong></span> <span class='ocrx_word' id='word_1_346' title='bbox 1603 4216 1653 4268; x_wconf 89' lang='lat' dir='ltr'><strong>pro</strong></span> <span class='ocrx_word' id='word_1_347' title='bbox 1671 4197 1773 4267; x_wconf 89' lang='lat' dir='ltr'><strong>populo</strong></span> <span class='ocrx_word' id='word_1_348' title='bbox 1791 4196 1899 4255; x_wconf 75' lang='lat' dir='ltr'><strong>iterent,</strong></span> 
     </span>
     <span class='ocr_line' id='line_1_30' title="bbox 201 4295 1900 4372; baseline -0.002 -24"><span class='ocrx_word' id='word_1_349' title='bbox 201 4298 304 4350; x_wconf 80' lang='lat' dir='ltr'><strong>abillis</strong></span> <span class='ocrx_word' id='word_1_350' title='bbox 322 4301 412 4350; x_wconf 77' lang='lat' dir='ltr'><strong>curari</strong></span> <span class='ocrx_word' id='word_1_351' title='bbox 426 4304 499 4350; x_wconf 85' lang='lat' dir='ltr'><strong>certe</strong></span> <span class='ocrx_word' id='word_1_352' title='bbox 515 4300 651 4368; x_wconf 74' lang='lat' dir='ltr'><strong>potuiree3</strong></span> <span class='ocrx_word' id='word_1_353' title='bbox 672 4302 708 4353; x_wconf 85' lang='lat' dir='ltr'><strong>cl&#39;.</strong></span> <span class='ocrx_word' id='word_1_354' title='bbox 720 4299 852 4368; x_wconf 69' lang='lat' dir='ltr'><strong>W&#39;o&#39;uiger</strong></span> <span class='ocrx_word' id='word_1_355' title='bbox 872 4300 1064 4368; x_wconf 72' lang='lat' dir='ltr'><strong>Sacnley&#39;etem</strong></span> <span class='ocrx_word' id='word_1_356' title='bbox 1083 4317 1113 4369; x_wconf 85' lang='lat' dir='ltr'><strong>p.</strong></span> <span class='ocrx_word' id='word_1_357' title='bbox 1126 4299 1176 4352; x_wconf 72' lang='lat'><strong>⁷³2</strong></span> <span class='ocrx_word' id='word_1_358' title='bbox 1193 4318 1222 4351; x_wconf 79' lang='lat' dir='ltr'><strong>so</strong></span> <span class='ocrx_word' id='word_1_359' title='bbox 1240 4301 1330 4372; x_wconf 75' lang='lat' dir='ltr'><strong>erpitt</strong></span> <span class='ocrx_word' id='word_1_360' title='bbox 1345 4317 1372 4349; x_wconf 77' lang='lat' dir='ltr'><strong>ee</strong></span> <span class='ocrx_word' id='word_1_361' title='bbox 1383 4300 1442 4352; x_wconf 77' lang='lat' dir='ltr'><strong>eicie</strong></span> <span class='ocrx_word' id='word_1_362' title='bbox 1456 4300 1548 4358; x_wconf 76' lang='lat' dir='ltr'><strong>leielrt,</strong></span> <span class='ocrx_word' id='word_1_363' title='bbox 1569 4298 1632 4349; x_wconf 75' lang='lat' dir='ltr'><strong>dore</strong></span> <span class='ocrx_word' id='word_1_364' title='bbox 1645 4295 1838 4368; x_wconf 75' lang='lat' dir='ltr'><strong>ursprimpliels</strong></span> <span class='ocrx_word' id='word_1_365' title='bbox 1856 4295 1900 4345; x_wconf 82' lang='lat' dir='ltr'><strong>dic</strong></span> 
     </span>
     <span class='ocr_line' id='line_1_31' title="bbox 201 4394 1899 4467; baseline -0.002 -21"><span class='ocrx_word' id='word_1_366' title='bbox 201 4413 279 4447; x_wconf 71' lang='lat' dir='ltr'><strong>ruera</strong></span> <span class='ocrx_word' id='word_1_367' title='bbox 299 4413 350 4466; x_wconf 78' lang='lat' dir='ltr'><strong>pro</strong></span> <span class='ocrx_word' id='word_1_368' title='bbox 373 4395 478 4465; x_wconf 75' lang='lat' dir='ltr'><strong>popule</strong></span> <span class='ocrx_word' id='word_1_369' title='bbox 502 4413 561 4448; x_wconf 76' lang='lat' dir='ltr'><strong>zum</strong></span> <span class='ocrx_word' id='word_1_370' title='bbox 581 4397 662 4449; x_wconf 78' lang='lat' dir='ltr'><strong>Tleil</strong></span> <span class='ocrx_word' id='word_1_371' title='bbox 679 4416 732 4450; x_wconf 83' lang='lat' dir='ltr'><strong>uon</strong></span> <span class='ocrx_word' id='word_1_372' title='bbox 752 4398 804 4448; x_wconf 79' lang='lat' dir='ltr'><strong>dea</strong></span> <span class='ocrx_word' id='word_1_373' title='bbox 824 4396 969 4466; x_wconf 75' lang='lat' dir='ltr'><strong>Pontifices</strong></span> <span class='ocrx_word' id='word_1_374' title='bbox 989 4415 1049 4447; x_wconf 76' lang='lat' dir='ltr'><strong>zum</strong></span> <span class='ocrx_word' id='word_1_375' title='bbox 1071 4397 1152 4447; x_wconf 77' lang='lat' dir='ltr'><strong>Tleil</strong></span> <span class='ocrx_word' id='word_1_376' title='bbox 1169 4415 1222 4447; x_wconf 78' lang='lat' dir='ltr'><strong>voe</strong></span> <span class='ocrx_word' id='word_1_377' title='bbox 1240 4397 1292 4448; x_wconf 86' lang='lat' dir='ltr'><strong>deu</strong></span> <span class='ocrx_word' id='word_1_378' title='bbox 1312 4397 1452 4449; x_wconf 77' lang='lat' dir='ltr'><strong>Firmium</strong></span> <span class='ocrx_word' id='word_1_379' title='bbox 1471 4396 1611 4467; x_wconf 71' lang='lat' dir='ltr'><strong>uolleopeu</strong></span> <span class='ocrx_word' id='word_1_380' title='bbox 1631 4395 1708 4454; x_wconf 82' lang='lat' dir='ltr'><strong>siud,</strong></span> <span class='ocrx_word' id='word_1_381' title='bbox 1731 4396 1857 4464; x_wconf 87' lang='lat' dir='ltr'><strong>quodque</strong></span> <span class='ocrx_word' id='word_1_382' title='bbox 1876 4394 1899 4442; x_wconf 85' lang='lat' dir='ltr'><strong>is</strong></span> 
     </span>
     <span class='ocr_line' id='line_1_32' title="bbox 201 4490 1900 4566; baseline -0.002 -22"><span class='ocrx_word' id='word_1_383' title='bbox 201 4494 293 4545; x_wconf 76' lang='lat' dir='ltr'><strong>addit:</strong></span> <span class='ocrx_word' id='word_1_384' title='bbox 319 4493 363 4543; x_wconf 83' lang='lat' dir='ltr'><strong>die</strong></span> <span class='ocrx_word' id='word_1_385' title='bbox 379 4497 504 4561; x_wconf 73' lang='lat' dir='ltr'><strong>rpitereu</strong></span> <span class='ocrx_word' id='word_1_386' title='bbox 521 4510 600 4545; x_wconf 74' lang='lat' dir='ltr'><strong>suere</strong></span> <span class='ocrx_word' id='word_1_387' title='bbox 615 4513 666 4564; x_wconf 84' lang='lat' dir='ltr'><strong>pro</strong></span> <span class='ocrx_word' id='word_1_388' title='bbox 683 4495 788 4566; x_wconf 78' lang='lat' dir='ltr'><strong>populo</strong></span> <span class='ocrx_word' id='word_1_389' title='bbox 804 4495 886 4564; x_wconf 69' lang='lat' dir='ltr'><strong>lielen</strong></span> <span class='ocrx_word' id='word_1_390' title='bbox 902 4495 954 4546; x_wconf 76' lang='lat' dir='ltr'><strong>deu</strong></span> <span class='ocrx_word' id='word_1_391' title='bbox 967 4495 1107 4545; x_wconf 71' lang='lat' dir='ltr'><strong>Firmium</strong></span> <span class='ocrx_word' id='word_1_392' title='bbox 1123 4495 1246 4554; x_wconf 64' lang='lat' dir='ltr'><strong>onheim,</strong></span> <span class='ocrx_word' id='word_1_393' title='bbox 1271 4495 1341 4545; x_wconf 90' lang='lat' dir='ltr'><strong>illud</strong></span> <span class='ocrx_word' id='word_1_394' title='bbox 1360 4501 1464 4546; x_wconf 84' lang='lat' dir='ltr'><strong>tentum</strong></span> <span class='ocrx_word' id='word_1_395' title='bbox 1484 4494 1615 4563; x_wconf 84' lang='lat' dir='ltr'><strong>explicat,</strong></span> <span class='ocrx_word' id='word_1_396' title='bbox 1640 4494 1775 4560; x_wconf 89' lang='lat' dir='ltr'><strong>quomodo</strong></span> <span class='ocrx_word' id='word_1_397' title='bbox 1794 4490 1900 4541; x_wconf 82' lang='lat' dir='ltr'><strong>Gellius</strong></span> 
     </span>
     <span class='ocr_line' id='line_1_33' title="bbox 200 4591 1481 4662; baseline -0.002 -20"><span class='ocrx_word' id='word_1_398' title='bbox 200 4592 238 4642; x_wconf 85' lang='lat' dir='ltr'><strong>Vl</strong></span> <span class='ocrx_word' id='word_1_399' title='bbox 243 4627 250 4643; x_wconf 92' lang='lat'><strong>.</strong></span> <span class='ocrx_word' id='word_1_400' title='bbox 265 4591 279 4641; x_wconf 90' lang='grc'><strong>7</strong></span> <span class='ocrx_word' id='word_1_401' title='bbox 302 4608 318 4640; x_wconf 78' lang='lat' dir='ltr'><strong>a</strong></span> <span class='ocrx_word' id='word_1_402' title='bbox 336 4591 467 4642; x_wconf 75' lang='lat' dir='ltr'><strong>Cicerone</strong></span> <span class='ocrx_word' id='word_1_403' title='bbox 486 4592 644 4662; x_wconf 80' lang='lat' dir='ltr'><strong>direrepuns</strong></span> <span class='ocrx_word' id='word_1_404' title='bbox 662 4594 734 4644; x_wconf 87' lang='lat' dir='ltr'><strong>idem</strong></span> <span class='ocrx_word' id='word_1_405' title='bbox 753 4593 892 4643; x_wconf 77' lang='lat' dir='ltr'><strong>Lavernae</strong></span> <span class='ocrx_word' id='word_1_406' title='bbox 911 4591 1073 4643; x_wconf 76' lang='lat' dir='ltr'><strong>sacrificium</strong></span> <span class='ocrx_word' id='word_1_407' title='bbox 1088 4592 1198 4660; x_wconf 72' lang='lat' dir='ltr'><strong>flamini</strong></span> <span class='ocrx_word' id='word_1_408' title='bbox 1214 4591 1351 4655; x_wconf 78' lang='lat' dir='ltr'><strong>Quirinali</strong></span> <span class='ocrx_word' id='word_1_409' title='bbox 1371 4591 1481 4642; x_wconf 80' lang='lat' dir='ltr'><strong>tribuet.</strong></span> 
     </span>
    </p>

    <p class='ocr_par' dir='ltr' id='par_1_4' title="bbox 200 4685 1898 4855">
     <span class='ocr_line' id='line_1_34' title="bbox 280 4685 1898 4759; baseline -0.001 -23"><span class='ocrx_word' id='word_1_410' title='bbox 280 4687 325 4753; x_wconf 82' lang='lat'><strong>35)</strong></span> <span class='ocrx_word' id='word_1_411' title='bbox 348 4687 486 4739; x_wconf 76' lang='lat' dir='ltr'><strong>Vietoriae</strong></span> <span class='ocrx_word' id='word_1_412' title='bbox 509 4689 580 4738; x_wconf 87' lang='lat' dir='ltr'><strong>enirn</strong></span> <span class='ocrx_word' id='word_1_413' title='bbox 601 4688 735 4759; x_wconf 73' lang='lat' dir='ltr'><strong>pulchrae</strong></span> <span class='ocrx_word' id='word_1_414' title='bbox 757 4691 879 4758; x_wconf 77' lang='lat' dir='ltr'><strong>exempla</strong></span> <span class='ocrx_word' id='word_1_415' title='bbox 903 4706 976 4740; x_wconf 82' lang='lat' dir='ltr'><strong>nunc</strong></span> <span class='ocrx_word' id='word_1_416' title='bbox 1001 4689 1110 4757; x_wconf 78' lang='lat' dir='ltr'><strong>quidem</strong></span> <span class='ocrx_word' id='word_1_417' title='bbox 1134 4707 1166 4740; x_wconf 86' lang='lat' dir='ltr'><strong>ex</strong></span> <span class='ocrx_word' id='word_1_418' title='bbox 1184 4689 1280 4740; x_wconf 81' lang='lat' dir='ltr'><strong>&#39;l&#39;ucito</strong></span> <span class='ocrx_word' id='word_1_419' title='bbox 1300 4690 1444 4759; x_wconf 83' lang='lat' dir='ltr'><strong>Plinioque</strong></span> <span class='ocrx_word' id='word_1_420' title='bbox 1467 4692 1573 4742; x_wconf 83' lang='lat' dir='ltr'><strong>demum</strong></span> <span class='ocrx_word' id='word_1_421' title='bbox 1599 4693 1763 4756; x_wconf 77' lang='lat' dir='ltr'><strong>suppetuut3</strong></span> <span class='ocrx_word' id='word_1_422' title='bbox 1788 4685 1898 4753; x_wconf 69' lang='lat' dir='ltr'><strong>societur</strong></span> 
     </span>
     <span class='ocr_line' id='line_1_35' title="bbox 200 4783 1898 4855; baseline 0 -19"><span class='ocrx_word' id='word_1_423' title='bbox 200 4795 290 4837; x_wconf 78' lang='lat' dir='ltr'><strong>tamen</strong></span> <span class='ocrx_word' id='word_1_424' title='bbox 314 4786 541 4855; x_wconf 76' lang='lat' dir='ltr'><strong>pulcherrimum,</strong></span> <span class='ocrx_word' id='word_1_425' title='bbox 570 4792 602 4837; x_wconf 81' lang='lat' dir='ltr'><strong>ut</strong></span> <span class='ocrx_word' id='word_1_426' title='bbox 622 4785 781 4838; x_wconf 75' lang='lat' dir='ltr'><strong>Sallustium</strong></span> <span class='ocrx_word' id='word_1_427' title='bbox 808 4789 927 4848; x_wconf 73' lang='lat' dir='ltr'><strong>mittam,</strong></span> <span class='ocrx_word' id='word_1_428' title='bbox 951 4787 1009 4854; x_wconf 80' lang='lat' dir='ltr'><strong>jem</strong></span> <span class='ocrx_word' id='word_1_429' title='bbox 1036 4788 1180 4839; x_wconf 81' lang='lat' dir='ltr'><strong>Terentius</strong></span> <span class='ocrx_word' id='word_1_430' title='bbox 1205 4789 1273 4839; x_wconf 81' lang='lat' dir='ltr'><strong>dixit</strong></span> <span class='ocrx_word' id='word_1_431' title='bbox 1298 4789 1405 4840; x_wconf 82' lang='lat' dir='ltr'><strong>Plorm.</strong></span> <span class='ocrx_word' id='word_1_432' title='bbox 1426 4787 1460 4837; x_wconf 83' lang='lat' dir='ltr'><strong>V.</strong></span> <span class='ocrx_word' id='word_1_433' title='bbox 1481 4788 1506 4836; x_wconf 83' lang='lat' dir='ltr'><strong>ti.</strong></span> <span class='ocrx_word' id='word_1_434' title='bbox 1527 4787 1578 4846; x_wconf 73' lang='lat'><strong>293</strong></span> <span class='ocrx_word' id='word_1_435' title='bbox 1610 4793 1692 4854; x_wconf 87' lang='lat' dir='ltr'><strong>utque</strong></span> <span class='ocrx_word' id='word_1_436' title='bbox 1715 4783 1759 4835; x_wconf 80' lang='lat' dir='ltr'><strong>hic</strong></span> <span class='ocrx_word' id='word_1_437' title='bbox 1783 4784 1898 4854; x_wconf 77' lang='lat' dir='ltr'><strong>pulelrre</strong></span> 
     </span>
    </p>
   </div>
   <div class='ocr_carea' id='block_1_4' title="bbox 1396 4886 1449 4956">
    <p class='ocr_par' dir='ltr' id='par_1_5' title="bbox 1396 4886 1449 4956">
     <span class='ocr_line' id='line_1_36' title="bbox 1396 4886 1449 4956; baseline 0 -49"><span class='ocrx_word' id='word_1_438' title='bbox 1396 4886 1449 4956; x_wconf 61' lang='lat'><strong>4.</strong></span> 
     </span>
    </p>
   </div>
   <div class='ocr_carea' id='block_1_5' title="bbox 0 0 2214 5648">
    <p class='ocr_par' dir='ltr' id='par_1_6' title="bbox 0 0 2214 5648">
     <span class='ocr_line' id='line_1_37' title="bbox 0 0 2214 5648; baseline 0 4"><span class='ocrx_word' id='word_1_439' title='bbox 0 0 2214 5648; x_wconf 95' lang='lat' dir='ltr'><strong> </strong></span> 
     </span>
    </p>
   </div>
  </div>
 </body>
</html>
