4418 5648
192 579 347 650 animum
379 580 416 648 sir
446 581 589 674 potr-iae
621 579 770 651 scritate
801 573 949 672 infimam
981 570 1105 646 eodem
1130 571 1213 671 jure
1241 571 1355 646 habeo
1382 596 1454 672 qno
1479 575 1519 645 in
1545 574 1627 646 loco
1652 600 1697 646 ex
1721 573 1820 649 libris
1847 575 1891 649 de

192 705 329 779 Natura
355 705 502 779 deorm
534 715 681 779 mentem
712 705 754 774 in
784 702 954 800 inspirer
985 702 1155 774 intentam
1186 700 1421 801 infixamque,
1455 726 1560 801 quem
1591 702 1707 796 locum
1733 728 1797 775 our
1821 705 1892 800 epi-

194 835 307 908 stolae
339 846 484 906 nostrae
513 832 720 906 dissimilem
753 830 889 922 dicam,
923 828 1037 903 donee
1067 829 1256 926 Zumptins
1288 831 1513 927 negationem
1544 842 1643 903 snam
1675 832 1890 929 argumentis

195 963 405 1054 firmaverit,
429 984 504 1033 non
528 960 709 1060 intelligo3
735 958 780 1031 de
806 958 917 1031 altero
941 981 1026 1030 vero
1051 959 1100 1030 ita
1118 955 1265 1056 jndice,
1288 967 1329 1031 nt
1349 957 1544 1032 aliudesse
1567 969 1718 1031 statuam
1742 982 1763 1030 e
1789 972 1892 1031 cum

193 1090 249 1164 vel
281 1091 326 1163 de
358 1115 462 1162 enm
492 1089 673 1181 revocari,
714 1085 809 1159 alind
842 1089 892 1158 in.
910 1086 1027 1159 medio
1043 1109 1163 1158 caras
1189 1085 1340 1186 referri,
1380 1111 1534 1185 qnorum
1558 1099 1678 1159 ntrnm
1706 1087 1892 1182 scriptoris

196 1217 384 1290 consilium
415 1229 452 1290 et
481 1218 574 1289 ratio
604 1215 743 1310 tulerit,
773 1213 889 1287 nohis.
910 1238 1055 1321 quoqne
1086 1210 1270 1285 ferendum
1296 1238 1379 1289 esse
1406 1212 1571 1286 arbitror.
1629 1213 1721 1285 Nam
1747 1216 1810 1313 qni
1834 1214 1894 1286 illa

195 1347 310 1418 forma
335 1346 458 1436 utitur,
483 1345 709 1417 revocatione
734 1340 1015 1440 seprolribitnm
1041 1365 1120 1414 esse
1144 1349 1284 1434 narrat,
1308 1365 1354 1413 ne
1377 1364 1519 1414 cursum
1545 1368 1647 1414 snnm
1667 1368 1894 1442 persequere·

195 1487 272 1568 tnr3
297 1475 370 1571 qni
389 1473 441 1542 io
474 1496 578 1543 carru
604 1470 711 1563 dicit,
744 1470 815 1542 troc
846 1473 964 1567 ipsum
996 1481 1119 1568 urget,
1155 1496 1195 1543 se
1220 1468 1296 1569 jam
1326 1470 1365 1539 in
1397 1494 1440 1541 eo
1466 1469 1577 1543 inisse
1608 1484 1649 1544 nt
1680 1482 1893 1563 excurreret,

194 1626 301 1698 qnnm
334 1600 407 1673 sive
433 1596 620 1671 revocatus
652 1600 727 1671 sive
760 1597 917 1671 adversis
942 1599 1058 1700 ventis
1090 1597 1223 1671 relatus
1255 1599 1321 1693 sit3
1358 1623 1505 1698 eamque
1530 1599 1643 1695 ipsam
1668 1625 1762 1671 nnnc
1790 1599 1892 1672 Cice·

196 1729 294 1798 ronis
325 1737 479 1798 mentem
510 1752 590 1799 esse
621 1737 736 1825 patet,
768 1752 842 1799 non
871 1737 913 1798 nt
944 1752 984 1799 se
1014 1724 1165 1800 rediisse
1196 1724 1262 1799 sed
1292 1738 1333 1798 nt
1363 1750 1402 1798 se
1428 1723 1610 1798 discedere
1641 1728 1796 1802 voluisse
1827 1753 1893 1801 nee

195 1869 313 1928 tamen
338 1854 498 1952 potuisse
528 1853 666 1927 doceat.
722 1850 786 1926 An
810 1853 898 1924 haee
924 1876 1067 1951 quoqne
1094 1854 1321 1925 ratiocinatio
1349 1855 1471 1950 potins
1497 1853 1577 1927 esti
1606 1854 1714 1927 modo
1739 1866 1836 1928 reeta
1862 1867 1897 1928 et

198 2007 283 2056 vera
307 1984 370 2076 sit,
393 1981 574 2055 toleranda
599 1980 741 2080 quidem
767 1994 863 2054 certe
869 2008 881 2077 3
906 2006 952 2053 ne
976 1989 1094 2053 umen
1119 1978 1260 2078 longius
1279 1976 1323 2050 ab
1342 1980 1504 2054 instituto
1525 1980 1696 2074 aberrem,
1719 2007 1831 2081 pergo
1850 1980 1895 2053 ad

197 2137 233 2208 p.
248 2107 319 2202 55,
343 2107 405 2181 nbi
429 2109 615 2206 Zumptins
640 2109 902 2182 excusationem
927 2105 1057 2182 habere
1083 2092 1191 2208 negat
1214 2106 1309 2208 qnod
1328 2106 1457 2182 Cicero
1480 2106 1604 2180 scribit
1623 2134 1662 2181 se
1684 2094 1896 2181 ot'llomom

196 2240 332 2310 venerit
355 2238 473 2310 atatim
496 2260 536 2309 ae
562 2236 729 2310 obtulisse
752 2235 909 2310 Antonii
929 2237 1059 2310 sceleri
1081 2248 1115 2308 et
1141 2235 1362 2309 denentiae!
1415 2234 1563 2308 Scilicet
1587 2234 1656 2308 hoc
1686 2237 1734 2308 ita
1762 2246 1896 2307 tantum

199 2367 285 2439 ferri
309 2390 434 2463 posse,
465 2377 513 2436 nt·
529 2375 722 2437 statuamus
747 2365 803 2438 Μ.
817 2362 1015 2437 Antonium
1034 2365 1110 2464 jam
1135 2377 1239 2440 antea
1265 2364 1433 2439 Ciceroni
1458 2366 1584 2437 iratmn
1609 2363 1722 2437 inisse
1747 2390 1895 2462 enmqne

201 2495 400 2592 qnaesitnm'
431 2494 588 2564 invenire
612 2516 685 2564 non
704 2494 888 2590 potuisse,
922 2490 1006 2564 dum
1033 2518 1072 2566 se
1099 2495 1176 2591 ipse
1203 2494 1363 2585 offerret,
1393 2494 1450 2564 sin
1475 2494 1555 2591 qnis
1581 2492 1674 2566 nltro
1699 2492 1894 2589 pericnlum

199 2622 390 2716 suscipiat,
416 2618 470 2711 id,
495 2643 562 2715 pro
583 2644 655 2718 qno
675 2621 821 2717 quisse
847 2620 992 2712 offerat,
1015 2619 1138 2694 deesse
1163 2646 1237 2694 non
1261 2647 1368 2719 posse
1375 2652 1387 2720 3
1415 2647 1505 2720 qnae
1531 2620 1644 2721 qualis
1670 2622 1894 2693 ratiocinatio

199 2746 362 2819 habenda
392 2749 466 2838 sil,-
491 2747 550 2818 alii
581 2747 742 2843 videant3
775 2747 864 2818 milri
888 2771 985 2819 nnnc
1015 2747 1170 2821 siafliciat
1198 2748 1406 2847 oxemplnm'
1427 2749 1642 2821 contrarium
1676 2745 1772 2821 Sest
1798 2773 1831 2820 c.
1844 2743 1897 2818 28

200 2875 243 2946 de
268 2874 426 2947 Catones
461 2875 605 2947 console
629 2892 704 2967 rte,
733 2882 839 2975 porum
864 2886 954 2948 esset
976 2877 1179 2976 deripientes
1203 2878 1364 2950 nidum
1383 2876 1522 2975 γωνία,
1556 2875 1683 2959 obtulit
1709 2877 1747 2946 io
1772 2876 1897 2947 docri-

200 3029 278 3076 men
310 3004 420 3074 vitam
450 3008 550 3074 mro
583 3015 651 3076 etc.
709 3001 847 3075 Ibidem
879 3005 1055 3101 vituperat
1087 3002 1237 3076 romilio
1267 3004 1446 3096 Brutina,
1485 3030 1576 3102 qnae
1607 3003 1787 3075 linitione
1817 3030 1896 3076 esse

203 3143 367 3228 oportere
393 3157 438 3203 ex
462 3129 603 3229 Vellejo
629 3140 665 3204 et
688 3129 882 3204 Lactantio
916 3128 1074 3230 colligit²
1111 3157 1243 3231 nempe
1262 3131 1388 3226 bonis,
1425 3143 1466 3205 nt
1492 3133 1562 3229 ipsi
1589 3130 1746 3224 videtur,
1784 3130 1897 3204 latini·

200 3261 284 3332 tatis
309 3257 480 3351 testibus,
513 3265 677 3357 quornm'
697 3257 860 3358 equidem
886 3259 1089 3332 auctoritati
1119 3258 1226 3333 et‘Ir.
1248 3258 1393 3334 Aelium
1419 3258 1595 3334 Stilonem
1611 3259 1802 3357 praefero,
1835 3261 1896 3356 qni

201 3386 373 3459 Plautino
399 3410 562 3458 sermone
585 3384 711 3457 Mnsas
737 3385 919 3459 locntnras
945 3386 1057 3460 tuisse
1081 3389 1132 3461 ait
1146 3386 1220 3488 ⁵0),
1245 3400 1281 3460 et
1304 3387 1359 3462 M.
1374 3388 1593 3479 Varronem,
1619 3389 1681 3487 qni
1705 3386 1896 3459 Plautinas

201 3513 339 3586 fabulas
372 3511 632 3584 a‘Plautianio
662 3512 732 3585 hoe
768 3525 824 3586 est
861 3513 996 3587 Plautii
1035 3513 1164 3587 tabulis
1204 3527 1369 3589 accurate
1408 3515 1571 3588 distinxit
1594 3512 1669 3616 ⁵1),
1709 3527 1745 3588 et
1780 3517 1896 3612 ipsnm

205 3639 415 3714 Ciceronem
446 3640 484 3711 in
515 3650 634 3736 partes
666 3662 777 3740 voco,
810 3645 915 3740 quem
944 3641 999 3716 vel
1025 3641 1256 3742 Spaldingins
1290 3647 1328 3715 in
1353 3641 1486 3718 wolffi
1517 3643 1615 3717 Mus.
1641 3645 1776 3740 antiqu.
1802 3641 1896 3716 stnd.

201 3765 279 3865 μδ
309 3768 467 3866 quamvis
485 3767 624 3860 invitus
651 3767 847 3840 orationem
872 3767 1040 3842 adver-sris
1064 3769 1250 3844 Metellum
1273 3797 1348 3844 non
1374 3768 1624 3847 Metellinam
1649 3767 1897 3846 sed-Metelli-

203 3920 286 3968 mm
319 3896 545 3992 inscripsisse
577 3894 756 3967 consessit
774 3894 840 3996 ⁵²).
897 3895 1084 3997 Denique,
1099 3900 1254 3998 ‘per-git,
1285 3925 1411 3973 vereor
1440 3911 1480 3973 nt
1508 3901 1595 3972 satis
1622 3895 1789 3971 Ciceroni
1815 3922 1897 3969 eon-

203 4026 321 4096 veniat
352 4024 462 4095 ventri
492 4023 579 4096 laec
611 4034 693 4095 mmt
721 4026 871 4122 propria
900 4027 1105 4124 scopatum
1140 4053 1255 4128 neque
1285 4030 1380 4102 enim
1411 4030 1461 4101 ita
1491 4028 1696 4126 sanquinem
1729 4024 1819 4117 diei,
1859 4038 1897 4097 ut

276 4294 321 4359 so)
341 4264 461 4358 onam.
480 4291 513 4341 x.
535 4291 561 4342 r.
580 4292 626 4342 oo.
645 4347 647 4350 ,

275 4407 321 4472 il)
340 4407 412 4460 Gell.
434 4407 485 4458 111.
501 4404 532 4459 3ε
558 4409 587 4457 sie
607 4407 695 4458 eodem
715 4407 785 4458 lttro
807 4408 937 4460 Varronis
955 4411 1001 4476 (de
1019 4412 1166 4464 comoediis
1182 4411 1332 4472 Plautinis,
1357 4412 1390 4463 de
1408 4428 1461 4481 quo
1486 4411 1623 4481 praeclare
1643 4427 1714 4462 nnnc
1732 4407 1897 4460 Ritaelrelius

206 4508 235 4556 in
255 4507 394 4573 Percepit)
419 4503 450 4555 td
468 4520 575 4574 quoqne
595 4507 724 4573 scriptum
746 4516 801 4566 eet,
828 4505 970 4560 Plautium
985 4509 1072 4579 [uisae
1089 4511 1241 4580 quempian
1258 4512 1413 4581 scriptorem
1431 4507 1644 4568 comoediarum,
1671 4505 1750 4580 cujas
1770 4507 1897 4578 quoniam

204 4602 320 4671 fetulae
335 4602 465 4653 Plauti
487 4604 632 4672 inemptae
652 4602 760 4670 forest,
786 4612 911 4674 aceeptus
928 4622 982 4656 em
999 4606 1162 4668 Plautinus,
1187 4625 1269 4678 quarn
1293 4625 1347 4659 non
1370 4615 1490 4658 esserto
1509 4605 1609 4658 Plauto
1631 4607 1791 4663 Plautinos,
1817 4603 1864 4655 sed
1882 4624 1898 4653 s

205 4700 315 4752 Plautio
338 4700 512 4751 Plautiam.

277 4815 320 4881 32)
338 4815 397 4867 Cic.
416 4817 471 4868 Ata.
493 4816 515 4866 1.
538 4814 586 4876 16;
611 4815 648 4866 ci.
670 4816 778 4866 omnino
797 4817 878 4867 etiam
897 4819 964 4884 Aug.
979 4816 1128 4872 Wissowae
1151 4820 1227 4873 lectt.
1247 4819 1403 4878 lucifluae,
1428 4837 1503 4889 spec.
1523 4819 1566 4879 11,
1591 4819 1703 4870 Vratisl.
1726 4816 1803 4868 1831.
1825 4818 1851 4867 l.

1480 4915 1506 4986 1
