4418 5648
214 562 253 620 ut
285 547 539 621 sententiarum
571 568 701 617 nexum
734 566 777 614 ac
807 565 1038 640 progressum
1073 537 1251 614 Cicerone
1281 541 1475 639 iudignum⁴
1502 541 1776 636 demonstraret,
1814 548 1911 620 huuc

213 677 308 750 velut
341 673 518 747 cumulum
550 671 789 770 disputationi.
817 694 916 742 meae
953 669 1151 766 imponam,
1192 681 1234 740 ut
1263 671 1377 766 ipsam
1408 670 1503 741 illam
1536 669 1720 768 epistolam
1752 672 1912 768 quintam

214 804 405 895 decimam,
438 826 545 900 quam
569 800 629 874 ille
654 798 884 890 confusione,
918 795 1152 890 obscuritate,
1183 794 1371 869 verborum
1402 797 1554 896 denique
1579 800 1732 895 strepitu
1755 800 1852 871 inani
1877 814 1914 874 et

214 931 260 1002 ad
286 927 529 1003 ostentandam
551 926 765 1025 elegantiam
790 927 909 1024 inepte
935 927 1132 1022 composito
1157 925 1425 999 refertissimam
1449 925 1558 1019 dixit,
1583 951 1657 997 uon
1681 925 1789 998 modo
1816 939 1913 1000 tanto

216 1061 362 1131 crimine
399 1056 564 1147 liberem,
604 1053 672 1127 sed
706 1055 813 1127 eham
843 1053 1026 1128 ostem
1058 1054 1098 1124 in
1130 1078 1197 1125 sno
1234 1079 1363 1152 genere
1402 1054 1648 1153 diguissimam
1681 1079 1780 1146 esse,
1821 1055 1914 1127 nude

215 1185 400 1260 Ciceronis
433 1185 587 1256 animum
620 1193 657 1255 et
689 1183 837 1253 consilia
868 1184 905 1253 iu
939 1182 1150 1281 gravissimo
1180 1181 1419 1280 reipublicae
1450 1195 1611 1280 tempore
1642 1206 1913 1280 cognoscamus.

214 1315 305 1387 Nam
337 1312 435 1411 quod
469 1312 658 1408 Zumptius
695 1311 765 1381 hoc
799 1334 942 1407 quoque
972 1306 1218 1406 reprehendit,
1256 1310 1354 1408 quod
1384 1312 1423 1381 iu
1454 1311 1500 1381 iis
1527 1321 1662 1383 tantum
1690 1334 1780 1406 quae
1813 1299 1913 1408 gesta

216 1444 289 1513 sint
312 1451 492 1534 versetur,
523 1464 614 1536 qrrae
642 1463 726 1510 vero
749 1451 825 1510 tum
850 1438 1000 1510 maxime
1027 1448 1196 1534 gerantur
1220 1448 1354 1532 taceat,
1385 1437 1424 1508 id
1447 1439 1564 1535 ipsum
1585 1439 1706 1511 statim
1731 1438 1769 1508 in
1793 1436 1914 1510 limine

215 1568 384 1667 epistolae
417 1569 467 1641 ita
498 1567 715 1665 explicatur,
754 1577 795 1638 nt
825 1562 1064 1662 intelligamus
1094 1590 1171 1637 eam
1202 1591 1223 1636 a
1254 1565 1412 1640 Messala
1440 1565 1612 1664 perferri,
1647 1592 1752 1664 quem
1784 1565 1913 1639 Cicero

217 1698 335 1769 omnia
358 1720 450 1795 quac
472 1706 641 1793 quantun
663 1718 822 1795 quaeque
837 1693 921 1766 ,sint
952 1693 990 1762 in
1021 1694 1227 1790 republica
1256 1697 1306 1767 ita
1330 1695 1575 1792 expositurum
1599 1719 1677 1767 esse
1703 1692 1846 1786 scribit,
1875 1705 1915 1765 ut

215 1851 280 1896 sua
301 1825 503 1896 narratione
529 1848 618 1920 opus
644 1848 716 1898 non
744 1823 811 1913 sit,
843 1818 967 1893 eodem
992 1818 1068 1892 lere
1093 1821 1198 1894 modo
1223 1847 1296 1919 quo
1320 1824 1366 1895 P.
1387 1822 1581 1897 Lentulum
1606 1823 1709 1895 Fam.
1728 1818 1806 1893 Ι.6
1831 1818 1918 1894 etll

216 1978 258 2026 ca
280 1978 371 2050 quae
395 1951 508 2025 literis
529 1953 750 2024 committere
775 1973 848 2021 non
870 1946 977 2019 audet
1008 1972 1053 2020 ex
1074 1947 1242 2022 Pollione
1261 1962 1323 2022 ant
1342 1951 1397 2024 Μ.
1414 1951 1593 2024 Plaetorio
1613 1953 1777 2049 accipere
1800 1949 1916 2048 jubet,

217 2080 357 2179 sibique
388 2079 476 2152 illud
506 2078 622 2150 solum
653 2091 795 2180 servat,
827 2075 924 2173 quod
955 2077 993 2146 in
1022 2075 1136 2171 ipsius
1164 2075 1302 2175 judicio
1334 2090 1396 2152 aut
1427 2077 1631 2176 conjectura
1661 2079 1816 2175 positum
1848 2079 1914 2172 sit,

217 2207 314 2305 quod
339 2219 457 2281 tamen
482 2216 619 2280 natum
646 2204 747 2279 abest
771 2219 811 2278 nt
835 2219 897 2278 ant
920 2204 993 2276 illic
1019 2215 1081 2276 aut
1103 2204 1165 2289 hic
1190 2207 1228 2276 in
1258 2207 1520 2304 quaestionibus
1548 2207 1671 2278 otioss'o
1699 2207 1749 2277 ael
1773 2206 1917 2277 honeste

217 2336 391 2433 agendum
421 2335 678 2431 pertinentibus
709 2333 898 2426 subsistat,
933 2346 974 2405 ut
1004 2359 1049 2405 ne
1083 2332 1235 2406 oblatam
1265 2333 1409 2433 quidem
1439 2337 1660 2409 occasionem
1689 2332 1733 2408 de
1767 2334 1914 2431 praemii

216 2487 420 2559 poenaeque
443 2460 548 2535 modo
573 2464 611 2534 in
636 2489 675 2535 re
698 2461 841 2559 publica
866 2464 1029 2535 universe
1053 2461 1257 2559 disputandi
1282 2463 1447 2560 arripiat,
1472 2461 1537 2535 sed
1561 2464 1678 2536 statim
1702 2459 1748 2532 ad
1773 2461 1811 2531 id
1836 2487 1915 2559 ape·

217 2589 377 2661 tiendum
404 2601 579 2684 nauseat,
611 2591 697 2688 quid
721 2592 789 2665 hoc
820 2590 912 2664 bello
938 2592 977 2661 in
1005 2592 1189 2664 sententiis
1215 2588 1375 2662 dicendis
1401 2602 1544 2663 secutus
1570 2592 1636 2688 sit3
1669 2615 1783 2687 neque
1808 2589 1915 2687 hujus

218 2718 457 2789 excusationis
489 2729 549 2789 aut
578 2718 738 2816 exemplo
772 2745 931 2791 caremus
964 2720 1002 2789 in
1035 2743 1129 2790 nona
1160 2718 1205 2790 ad
1238 2716 1387 2790 eundem
1412 2716 1612 2822 ¹Iacntulum
1644 2717 1814 2815 epistola,
1853 2714 1916 2788 ubi

218 2845 325 2917 etiarn
357 2844 464 2919 altius
495 2835 724 2920 consiliorum
758 2873 902 2921 monam
933 2847 1108 2920 rationem
1142 2847 1291 2944 repetit,
1330 2857 1392 2919 aut
1423 2870 1530 2918 eausa
1563 2844 1683 2919 deerat
1717 2847 1755 2917 in
1788 2846 1918 2938 Bruto,

218 2997 323 3069 quem
348 2972 564 3047 Plutarchus
597 3000 739 3075 quoque
770 2974 879 3047 tradit
908 2974 1059 3048 honores
1085 3001 1107 3045 a
1135 2971 1310 3047 Cicerone
1339 2975 1377 3045 in
1408 2972 1645 3047 Octavianum
1675 2972 1809 3047 delatos
1838 3000 1916 3072 gra·

121 3193 124 3199 ¹
219 3102 361 3173 vissime
386 3101 511 3174 tulisse
528 3100 593 3203 3⁸).
644 3103 702 3176 De
727 3101 887 3177 Messala
913 3115 1029 3176 autem
1055 3126 1128 3174 non
1153 3111 1207 3173 est
1232 3126 1296 3174 eur
1315 3100 1485 3201 Appiano
1511 3103 1591 3201 plns
1615 3101 1698 3175 lidei
1723 3101 1915 3174 habeamus

218 3337 341 3385 unicum
361 3333 491 3402 loquendi
512 3337 606 3405 generi
623 3333 707 3406 hujus
728 3337 827 3387 aetatis
845 3354 899 3387 nou
918 3347 1050 3408 repugnet
1067 3344 1093 3387 et
1113 3353 1130 3386 a
1149 3335 1288 3406 frequenti
1306 3335 1446 3386 uerborum
1466 3353 1516 3385 assu
1537 3336 1574 3385 sit
1592 3334 1686 3385 leuiter
1707 3342 1734 3384 et
1751 3333 1914 3384 naturaliter

219 3432 368 3501 deflexum,
397 3430 465 3501 qaid
487 3430 569 3503 longe
590 3431 721 3484 desciscat
744 3441 770 3483 et
790 3432 906 3502 [ονυονυι
931 3434 1069 3504 inferioris
1090 3437 1189 3485 aetatis
1210 3451 1277 3501 prae
1299 3450 1327 3493 se
1349 3431 1439 3501 tirou
1473 3441 1527 3482 tum
1550 3439 1665 3482 utuntur
1689 3440 1818 3502 taaqncns
1844 3440 1915 3482 certo

220 3539 345 3583 casatextae
363 3532 470 3581 asinione
488 3527 627 3581 emendato
646 3528 873 3601 librariorumque
898 3548 999 3583 errores
1019 3534 1151 3584 incuriosi
1165 3533 1286 3602 praviter
1308 3540 1437 3599 tanquam
1456 3529 1597 3599 scriptoris
1614 3538 1759 3589 accussat3
1783 3538 1917 3598 postremo

223 3629 377 3682 Cicerones·
398 3629 547 3701 perfectam
570 3635 703 3677 oratorem
724 3635 866 3688 statuerant,
895 3629 964 3700 qaid
988 3638 1077 3680 statera
1094 3629 1225 3680 Romanis
1248 3629 1285 3679 sit
1306 3626 1455 3698 perfectura
1478 3628 1581 3688 visan,
1607 3644 1656 3679 saco
1672 3625 1806 3699 judicant
1825 3643 1917 3687 sensa,

221 3745 291 3797 patae
309 3727 453 3796 displicent
480 3725 661 3777 Ciceroniana
684 3742 740 3776 cose
765 3735 884 3796 negant,-
917 3730 967 3797 qni
990 3728 1016 3776 si
1040 3735 1124 3777 totam
1151 3724 1290 3777 Ciceronis
1313 3725 1449 3777 scribendi
1474 3744 1561 3798 penas
1584 3726 1668 3777 libere
1696 3723 1921 3782 considerassent,

220 3832 329 3875 nossent
345 3822 431 3874 oculto
449 3823 580 3874 Romanis
598 3824 719 3874 oratoria
736 3824 796 3874 uisa
814 3840 878 3882 esso,
903 3840 974 3893 quae
991 3823 1070 3873 nobis
1086 3821 1280 3874 declamatoria
1296 3821 1451 3883 videantur,
1471 3824 1573 3892 [lunser
1591 3832 1748 3876 ornatorass
1765 3823 1917 3880 uerborum,

219 3925 245 3974 si
269 3922 418 3993 logicorsna
442 3924 569 3974 emeritas
592 3902 771 3980 adhibeatur,
800 3919 938 3972 turbidine
960 3938 1040 3990 saepe
1064 3922 1192 3992 reperiri,
1218 3930 1379 3993 argumenta
1402 3922 1489 3974 assultu
1514 3932 1540 3974 et
1563 3922 1760 3991 enthymemata
1785 3928 1812 3970 et
1836 3918 1917 3970 ualde

221 4018 328 4088 infima
350 4021 419 4088 poni
440 4027 468 4069 ot
490 4020 581 4072 uelem
604 4020 670 4071 oliis
688 4029 773 4090 otpase
795 4019 861 4070 aliis
881 4021 971 4070 uerbis
995 4020 1081 4090 repeti
1105 4023 1156 4070 etc.
1201 4019 1277 4083 Quid
1302 4020 1405 4071 multat
1435 4037 1525 4072 nocue
1545 4021 1677 4073 decennio
1698 4027 1760 4071 aute
1781 4019 1917 4088 provisum

221 4119 336 4175 «literis,
363 4134 397 4168 ue
416 4117 497 4178 talia,
523 4118 613 4186 «gualia
632 4133 704 4168 nunc
724 4117 865 4185 Zumpttuo
885 4117 1003 4179 obtulit,
1027 4116 1146 4169 scrihere
1165 4117 1238 4167 inter
1255 4116 1410 4186 philologos
1428 4119 1544 4170 liceret't

294 4215 339 4282 ³8)
360 4216 434 4267 Plut.
452 4214 487 4266 V.
508 4215 585 4267 ΒΜ.
609 4215 697 4270 olis
722 4217 775 4268 lael
795 4217 825 4266 dl
842 4215 961 4283 Kssipon
977 4217 1016 4283 τᾷ
1038 4211 1104 4286 apic
1120 4211 1257 4267 Ἀντολνιου
1277 4221 1346 4275 alors
1368 4212 1403 4267 od
1419 4216 1556 4286 Κυλοορος
1579 4216 1705 4286 ἔπραττε,
1730 4215 1813 4282 τούτῳ
1836 4217 1881 4274 atr
1902 4210 1916 4262 d

221 4317 338 4383 Βροῦτος
357 4314 512 4381 iainlpr‘csr
529 4317 653 4384 ὶσχυρῶς,
676 4309 793 4384 γράφον,
816 4307 850 4370 oie
868 4308 900 4364 ου’
917 4313 1046 4382 decutiens
1058 4310 1198 4381 βαρύνοιτο
1214 4314 1347 4382 Κικέρων,
1373 4309 1440 4364 n’lld
1456 4315 1584 4374 μισοῦντα
1601 4313 1730 4381 δεσπότην
1748 4317 1854 4377 φοβοῖτο
1876 4315 1920 4362 aul

221 4408 380 4464 πολοτεόοοτο
404 4412 524 4467 δουλιὶιος
546 4407 642 4479 oi'psoss
665 4406 854 4479 φιλανθρώπου
937 4406 1080 4472 θαυμάζειν
1099 4413 1128 4462 dl
1150 4413 1299 4479 Keriparon,
1327 4413 1349 4463 ri
1368 4407 1477 4473 πόλεμον
1498 4414 1545 4472 μὲν
1564 4410 1685 4473 lapillos
1706 4414 1748 4461 aut
1773 4407 1918 4474 νυνδυνολδρ

221 4511 346 4574 δλδοννιν,
371 4503 480 4577 aioxpsia
498 4509 586 4560 disat
603 4505 694 4567 ἄδοξον
711 4508 812 4578 εἰρήνην
828 4503 859 4560 ου’
875 4512 1006 4572 φοβεῖται,
1029 4511 1078 4560 soli
1101 4506 1127 4560 δ’
1143 4504 1278 4562 'Anniana
1301 4510 1416 4574 tritulus
1439 4511 1486 4577 τῆς
1511 4509 1664 4577 τυραννίδος
1684 4502 1782 4568 asadia
1801 4507 1871 4556 uitet
1887 4501 1921 4556 τιν’

222 4610 347 4676 Καίσαρα
370 4607 535 4674 καταστῆσαι
557 4603 697 4676 νύρυννονο
720 4607 759 4657 ol.
777 4606 813 4657 V.
833 4605 922 4658 Cicer.
942 4620 969 4656 c.
982 4603 1031 4654 452
1059 4590 1134 4673 lo'oi
1154 4601 1256 4674 aoidpa
1273 4607 1390 4676 Βροῦτος
1413 4603 1565 4672 ἀγανακτῶν
1589 4611 1615 4659 ir
1632 4615 1691 4662 sote
1714 4600 1779 4673 ,τρδς
1801 4599 1920 4655 {dussis
2023 4595 2025 4597 ’

221 4705 367 4762 ἐπιστολαῖς
390 4700 533 4772 saliuosa
554 4706 605 4756 τοῦ
623 4705 784 4772 Κννλρονοος,
806 4699 847 4756 ‘irs
866 4701 912 4756 dati
933 4701 1013 4768 citior
1035 4699 1173 4756 Ἀντωνίου
1194 4701 1344 4772 θεραπεύων
1363 4706 1488 4775 Καίσαρα
1510 4701 1589 4774 δῆλός
1611 4707 1679 4757 lotar
1700 4700 1744 4754 oda
1769 4703 1917 4771 λλουθορίαυ

222 4801 257 4869 τῇ
274 4801 383 4870 auspicis
400 4795 537 4870 πρίνινον,
562 4795 631 4854 oillei
647 4794 775 4868 δεσπότην
793 4799 977 4872 φιλάνθρωπον
995 4796 1067 4870 osiaci
1084 4798 1220 4866 avalunae.
