4418 5648
1148 313 1188 398 4

323 530 476 641 qrribus
522 530 662 610 causis
703 531 807 613 moti
847 534 891 612 in
931 541 1047 612 tanta
1087 530 1475 614 Tunstallianorum
1518 544 1560 614 et
1595 535 2014 618 Marklandianorum

324 669 655 742 commentorum
678 661 966 744 imbecillitate
990 673 1032 743 et
1052 662 1260 744 calumnia
1283 664 1450 745 illarum
1473 666 1745 775 epistolarum
1765 668 2014 748 auctoritate

323 795 384 876 uti
421 793 474 874 ad
511 794 622 875 hunc
659 825 791 905 nsque
827 796 939 878 diem
973 796 1180 908 pertinaci
1214 791 1387 877 fastidio
1423 806 1689 901 recusarent,
1736 796 1851 906 qnod
1889 826 2016 908 quum

323 925 543 1034 Augustus
575 925 832 1009 Wilhclmus
865 928 1086 1038 Zumptius
1118 926 1433 1030 Berolincnsis,
1477 930 1618 1039 magni
1653 927 1838 1009 nominis
1875 929 2015 1032 heres,

321 1057 380 1138 ita
408 1084 543 1166 nuper
571 1054 712 1138 lacere
739 1058 993 1161 instituerit,
1025 1068 1073 1140 ut
1101 1085 1188 1138 non
1215 1058 1353 1138 solum
1381 1069 1544 1168 purtem
1569 1088 1737 1163 eorum,
1769 1087 1876 1168 quae
1900 1058 2016 1168 equi·

324 1187 490 1269 demin
512 1185 754 1269 Marklandi
780 1188 1063 1300 disputatione
1091 1188 1473 1299 reprehendissem,
1503 1220 1578 1271 sna
1604 1188 1854 1271 auctoritate
1877 1198 2016 1269 tuere·

321 1330 408 1422 tur,
452 1316 529 1397 sed
558 1317 685 1398 etiam
713 1319 919 1429 integram
946 1318 1167 1431 epistolam
1197 1319 1384 1401 omnium
1412 1319 1701 1430 longissimam
1732 1320 1920 1430 quintam
1946 1317 2014 1437 de·

323 1449 476 1530 cimam
495 1448 695 1531 continua
717 1452 913 1534 oratione
932 1460 1180 1562 persecutus
1201 1460 1448 1562 exponeret,
1477 1478 1554 1561 cur
1577 1450 1747 1561 singula
1765 1449 2018 1560 uCiceruue

323 1579 455 1663 scribi
484 1606 568 1661 non
598 1580 787 1690 potuisse
818 1584 1093 1690 existimaret,
1123 1582 1224 1664 novi
1245 1581 1414 1693 generis
1436 1582 1697 1695 impugnatio
1722 1580 1849 1663 etiam
1865 1610 2018 1695 porum

323 1709 614 1792 defensionem
646 1709 837 1821 flagitare
867 1713 1050 1796 ridetur.
1116 1713 1228 1794 Nam
1255 1711 1370 1824 quod
1399 1712 1443 1793 in
1473 1713 1693 1824 superiore
1720 1711 1892 1819 libello,
1931 1741 2017 1795 non

323 1851 370 1922 ut
403 1841 601 1951 Zumptio
631 1841 799 1926 videtur
833 1844 1102 1927 simulatione
1142 1841 1323 1954 quadam
1347 1890 1404 1906 -
1435 1870 1520 1953 qna
1549 1840 1657 1925 nihil
1686 1843 1793 1927 meis
1828 1844 2018 1927 moribus

323 1970 500 2054 alienius
535 1981 680 2053 est-
712 1974 788 2057 scd
817 1977 916 2086 quia
946 1986 1077 2058 totam
1113 1974 1402 2087 quaestionem
1434 1971 1624 2056 nondum
1652 1973 1936 2081 absolveram,
1974 1973 2019 2056 in

324 2104 463 2186 solum
486 2103 782 2187 Marklandum
812 2107 1081 2205 refutandum
1110 2107 1297 2187 intentus
1319 2106 1461 2218 ipsam
1489 2132 1633 2187 meam
1650 2104 1903 2187 sententiam
1932 2131 2017 2185 non

323 2233 552 2338 declaravi,
583 2234 637 2317 iis
667 2247 800 2343 certe,
829 2238 902 2349 qui
930 2268 999 2320 mc
1020 2237 1112 2347 jam
1139 2237 1207 2317 his
1234 2237 1280 2318 in
1305 2235 1466 2347 Regiae
1492 2232 1720 2318 Societatis
1748 2232 2019 2316 consessibus

323 2363 524 2446 aduersus
553 2365 820 2449 Tunstullum
849 2367 1125 2450 disserentem
1155 2366 1427 2475 audiverunt,
1461 2367 1637 2451 dubium
1664 2394 1752 2449 non
1780 2364 1884 2469 erit,
1917 2362 2019 2472 quin

238 2501 246 2513 “
324 2494 480 2605 optima
517 2494 599 2578 tide
629 2496 797 2579 illarum
825 2498 1098 2610 epistolarum
1130 2499 1414 2607 patrocinium
1443 2497 1727 2610 susceperim3
1767 2494 2019 2606 Zumptiuno

324 2636 464 2709 antem
493 2625 605 2709 libro
639 2626 752 2712 lecto
786 2639 949 2711 tantum
984 2627 1120 2710 abfuit
1152 2638 1199 2709 ut
1227 2630 1281 2709 ab
1294 2708 1297 2715 ,
1311 2628 1394 2711 hoc
1423 2630 1643 2740 proposito
1673 2627 1936 2729 deterrerer,
1975 2637 2022 2715 ut

323 2785 536 2868 nunqnam
567 2788 817 2869 quemquam
847 2758 1053 2870 justiores
1082 2757 1337 2841 defendendi
1371 2788 1526 2842 causas
1546 2758 1746 2841 habuisse
1773 2755 2017 2837 arbitrarer.

323 2888 462 2970 Doleo
500 2917 625 2994 sane,
675 2890 847 2973 acribus
883 2890 1025 2973 verbis
1062 2890 1166 2973 mihi
1201 2886 1403 2971 utendum
1442 2917 1535 2971 esse
1570 2885 1772 2971 adversus
1800 2885 2019 2995 juvenem,
2098 2953 2106 2966 .

325 3017 449 3128 cujus
492 3017 628 3104 adhuc
673 3019 901 3105 laudabilia
946 3032 1108 3105 tantum
1147 3019 1399 3104 eruditionis
1440 3031 1485 3104 et
1520 3017 1755 3101 industriae
1790 3016 2021 3127 specimina

326 3151 530 3259 cognovi,
567 3180 781 3264 quemque·
806 3153 861 3236 ad
890 3181 1052 3236 summa
1076 3149 1317 3235 tendentem
1346 3151 1627 3264 qualicunque
1656 3177 1761 3233 uoce
1789 3177 1882 3231 meu
1896 3147 2019 3230 exni-

324 3293 414 3363 tare
450 3312 575 3392 quam
609 3285 917 3395 reprehendere
954 3283 1121 3389 malim,
1161 3294 1204 3367 at
1232 3293 1290 3366 ut.
1312 3311 1378 3365 me
1412 3282 1610 3386 mittam,
1626 3280 1711 3392 qui
1744 3305 1929 3366 menon
1959 3280 2021 3362 ita

325 3411 378 3494 de
406 3411 543 3494 literis
565 3416 769 3497 meruisse
798 3427 920 3527 puto,
948 3424 996 3497 ut
1023 3413 1280 3527 argumentis
1299 3413 1547 3523 impugner,
1575 3439 1755 3522 quorum
1777 3408 1874 3520 plus
1896 3437 2021 3518 quam

326 3541 544 3625 dimidiam
577 3555 740 3654 partem
777 3546 914 3656 quiris
949 3527 1057 3650 tiro,
1104 3545 1177 3656 qui
1214 3543 1465 3628 Ciceronem
1504 3542 1729 3654 diligenter
1756 3538 2018 3641 tractaverit,

326 3674 462 3783 primo
501 3676 651 3758 obtutu
687 3676 844 3780 elevet,
888 3676 970 3786 ipsi
1006 3674 1207 3759 Ciceroni
1238 3703 1438 3784 praesens
1474 3673 1675 3756 auxilium
1711 3670 1911 3772 debetur,
1951 3669 2020 3749 cui

325 3802 476 3885 iisdem
505 3805 727 3910 machinis,
760 3836 863 3917 quas
893 3806 965 3888 illc
995 3808 1062 3888 his
1087 3803 1278 3917 epistolis
1300 3803 1509 3910 adhibuit,
1537 3799 1652 3886 haud
1679 3800 1770 3883 scio
1798 3830 1851 3881 an
1874 3820 2020 3880 omnes

327 3933 528 4046 deinceps
562 3934 696 4017 libros
731 3947 982 4046 extorquere
1013 3936 1154 4019 liccat.
1226 3936 1367 4017 Unum
1401 3964 1468 4016 me
1504 3934 1686 4037 solatur,
1729 3930 1843 4041 quod
1877 3926 2019 4011 candi·

329 4065 549 4147 dissimum
577 4065 792 4147 hominem
822 4067 881 4147 ita
916 4066 968 4147 de
1002 4067 1151 4176 primis
1185 4066 1334 4145 harum
1365 4063 1636 4175 epistolarum
1667 4061 2021 4142 obtrectatoribus

320 4192 517 4304 judicare
547 4192 691 4299 video,
720 4205 767 4276 ut
793 4197 831 4276 si
860 4194 1007 4278 eadem
1030 4194 1085 4277 ad
1107 4225 1153 4279 se
1179 4196 1458 4301 transtulerit,
1480 4203 1587 4305 *spes
1615 4194 1673 4276 sit
1701 4193 1793 4276 fore
1820 4203 1867 4273 ut
1892 4190 2021 4270 semel

328 4325 567 4408 admonitus
595 4326 685 4409 suis
713 4355 881 4438 quoque
912 4326 1184 4438 opinionibus
1212 4356 1300 4410 non
1327 4327 1462 4436 magis
1491 4334 1636 4435 parcat
1661 4352 1788 4434 quam
1806 4320 2020 4404 Marklan-

166 4523 167 4526 ,
327 4457 488 4560 diauis,
528 4487 705 4567 quarum
734 4458 826 4568 jam
862 4485 972 4541 nunc
1007 4487 1199 4569 magnam
1233 4470 1396 4570 partem
1422 4457 1488 4538 'ita
1522 4456 1626 4537 mihi
1658 4450 1938 4553 condonavit,
1976 4460 2022 4530 ut

328 4618 433 4700 qnae
463 4598 612 4670 contra
642 4617 712 4671 cas
740 4589 1045 4701 disputassem,
1088 4599 1136 4671 ut
1163 4590 1297 4700 ipsius
1325 4616 1429 4671 voce
1460 4597 1578 4693 utar,
1616 4587 1778 4666 εἰίοηείο
1805 4610 1878 4664 saro
1905 4586 2023 4694 quusi

329 4721 630 4830 comprobaret,-
676 4718 792 4830 quod
826 4722 863 4801 si
899 4731 941 4804 et
977 4721 1069 4831 ipse
1106 4722 1287 4825 caverit,
1333 4748 1386 4801 ne
1421 4718 1467 4800 in
1502 4748 1553 4801 eo
1587 4716 1833 4800 criticorum
1863 4739 2017 4824 genere
