4418 5648
1063 281 1136 371 u

258 508 303 583 ab
328 505 443 604 aliquo
469 504 638 600 scriptum
664 529 742 579 esse
767 529 914 580 necesse
937 505 1003 593 sit,
1017 498 1073 572 ub
1099 525 1140 574 eo
1162 499 1422 599 dijudicemus,
1447 507 1506 577 cni
1525 509 1681 580 unanimi
1700 510 1841 582 testium
1862 535 1945 584 con-

256 661 363 708 sensu
392 631 578 709 tribuatur.
644 630 707 705 Sic
740 645 780 704 ut
805 634 850 704 iis
881 642 978 720 utar,
1009 653 1100 726 quae
1125 628 1358 726 justissimam
1391 632 1600 704 criminandi
1631 639 1810 709 materiam
1841 636 1945 710 dede·

254 774 356 852 runt,
383 784 424 832 co
449 782 515 854 pro
541 759 595 829 ibi
615 757 766 849 dictum,
793 784 836 831 ea
860 782 940 830 eum
963 781 1029 855 pro
1052 781 1134 827 eum
1157 780 1215 845 eu,
1240 757 1430 855 quatefeci,
1454 771 1594 852 praeter
1615 774 1756 835 nostrus
1778 763 1943 858 epistolas

256 911 431 984 nusquam
461 884 533 981 legi
561 884 665 958 facile
692 883 849 982 largior,
877 909 992 982 neque
1019 907 1062 956 ea
1086 883 1187 956 aliter
1211 881 1450 978 exemplorum
1475 885 1695 980 quorundam
1718 889 1944 962 similitudine

254 1015 348 1087 tueri
372 1023 520 1085 eonius
545 1036 644 1102 sum,
671 1011 741 1082 nisi
766 1021 806 1083 ut
829 1008 985 1087 indolem
1007 1010 1179 1084 monis
1204 1008 1305 1083 latini
1329 1010 1373 1079 iis
1394 1033 1468 1080 non
1487 1034 1686 1108 repugnare
1705 1014 1943 1108 ostenderem

255 1153 293 1212 at
318 1141 349 1212 si
373 1162 549 1236 nusquam
576 1148 758 1233 praeterea
784 1151 974 1236 apparent,
1006 1136 1130 1212 eodem
1154 1136 1236 1233 jure
1261 1149 1298 1209 et
1321 1147 1510 1233 argenteae
1543 1149 1579 1209 et
1603 1163 1726 1212 aereae
1750 1154 1786 1213 et
1809 1141 1944 1214 ferreae

255 1267 380 1342 aetatis
404 1266 616 1362 scriptorem
640 1262 826 1356 excludas,
859 1289 1007 1363 quarum
1032 1264 1230 1359 cuicunque
1258 1260 1442 1353 tribueris,
1474 1261 1568 1337 idem
1590 1263 1777 1361 scrupulus
1804 1266 1944 1358 redibit,

255 1405 296 1465 ut
320 1391 452 1465 nullum
469 1403 658 1464 ⁴auctorem
683 1392 777 1464 inter
804 1391 967 1490 aequales
991 1388 1134 1465 liabens·
1187 1387 1301 1459 lurmo
1325 1389 1358 1460 si
1383 1389 1470 1487 quid
1493 1389 1623 1484 rideo,
1641 1391 1796 1463 omnium
1821 1393 1946 1465 hanam

256 1520 469 1596 deteriorum
492 1514 688 1595 hunnus,
704 1525 858 1591 aetatum
881 1543 924 1590 ea
946 1516 1216 1614 ingeniasunt,
1247 1526 1288 1585 ut
1312 1513 1581 1617 quibuscunque
1601 1517 1658 1592 vel
1678 1517 1866 1591 mutus
1889 1521 1945 1592 vel
1969 1599 1972 1603 ,

255 1649 351 1720 vitiis
377 1644 422 1739 ab
443 1667 549 1715 aurea
569 1641 851 1741 distinguantur,
880 1668 922 1715 ea
946 1642 1104 1741 ejusdem
1127 1641 1252 1715 aetatis
1282 1641 1467 1740 generisve
1486 1644 1678 1741 scriptores
1698 1645 1810 1718 multo
1830 1648 1944 1744 magis

258 1776 350 1844 inter
375 1795 414 1842 se
439 1770 638 1843 communia
661 1766 819 1843 babeant
837 1794 953 1868 neque
976 1770 1066 1844 adeo
1092 1767 1278 1842 dilliculter
1301 1793 1347 1840 ex
1371 1793 1443 1842 uno
1468 1769 1513 1844 de
1537 1770 1614 1844 aliis
1639 1771 1844 1871 conjectura
1862 1772 1944 1866 iiat3

257 1900 289 1967 si
315 1895 402 1994 quid
427 1896 537 1994 igitur
560 1921 600 1967 re
621 1920 704 1968 vera
732 1897 875 1971 unicum
901 1897 1326 1997 omnisqueposteritatis
1347 1893 1486 1993 judicio
1510 1896 1680 1995 rejectum
1705 1910 1741 1973 et
1763 1900 1944 1972 exelrumt

259 2024 473 2114 occurrerit,
507 2021 695 2118 plurimum
727 2025 966 2097 excusationis
997 2021 1141 2098 habebit
1170 2023 1209 2094 in
1240 2045 1365 2096 aureae
1397 2026 1522 2096 aetatis
1554 2023 1714 2116 homine,
1740 2051 1846 2122 *quae
1877 2027 1944 2099 etsi

260 2175 396 2223 sumno
428 2147 547 2231 studio
578 2148 795 2242 enitebatur,
832 2161 873 2222 ut
904 2149 1036 2224 cultam
1067 2160 1173 2247 atque
1204 2148 1378 2224 cruditam
1409 2175 1606 2224 sermonem
1638 2152 1744 2225 certis
1775 2151 1944 2226 limitibus

259 2274 587 2374 comprehenderet,
617 2273 900 2374 urbanorumque
924 2275 1104 2348 hominum
1128 2275 1417 2350 consuetudinem
1441 2303 1463 2347 a
1486 2276 1624 2376 plebeja
1643 2278 1784 2351 lieentia
1806 2277 1850 2348 ud
1871 2302 1944 2351 cer-

259 2418 373 2475 tarum
397 2402 516 2500 legum
542 2402 776 2473 constantiam
802 2401 989 2502 dirigeret,
1021 2402 1178 2475 nondum
1201 2415 1318 2477 tamen
1343 2431 1388 2477 ex
1413 2405 1638 2504 quotidianae
1667 2405 1827 2504 loquelae
1851 2429 1945 2476 com·

259 2530 425 2600 munione
456 2529 495 2603 in
525 2526 725 2599 scholarum
756 2527 897 2601 umbras
929 2541 1143 2621 recesserat,
1183 2529 1276 2604 unde
1308 2532 1477 2630 epistolae
1508 2530 1632 2607 eodem
1664 2557 1735 2630 quo
1768 2532 1944 2604 orationes

261 2657 457 2754 artiumque
489 2652 569 2724 libri
602 2654 684 2728 stilo
717 2657 939 2752 conscriptae
970 2655 1173 2752 prodirent,
1204 2682 1271 2732 uec
1303 2659 1335 2729 si
1367 2684 1497 2733 naevos
1526 2657 1606 2731 illos
1638 2657 1685 2729 ad
1712 2659 1945 2730 rusticitatem
2014 2749 2016 2754 .

262 2782 434 2857 sermonis
466 2779 593 2854 referri
617 2782 753 2877 patior,
785 2783 869 2855 huic
893 2783 964 2879 ipsi
988 2785 1026 2855 in
1045 2782 1286 2857 ‚declamatore
1310 2787 1430 2880 potius
1452 2785 1571 2857 locum
1595 2784 1754 2874 invenio,
1781 2807 1886 2880 quom
1910 2783 1948 2851 ia

262 2907 570 3005 grammaticorum
601 2907 852 3008 rhetorumque
878 2907 1065 3007 disciplina
1095 2937 1116 2980 a
1147 2909 1274 2982 talibus
1306 2912 1455 2983 maxime
1481 2910 1649 2984 deterreri
1675 2919 1948 2981 consentaneum

261 3035 386 3126 fuerit,
423 3057 527 3133 qnam
559 3035 599 3106 in
626 3060 670 3107 eo
695 3035 856 3129 homine,
892 3038 954 3135 qui
985 3037 1062 3133 ipse
1090 3035 1257 3134 epistolas
1287 3037 1426 3135 plclejo
1451 3061 1609 3111 emmone
1636 3049 1672 3110 et
1696 3035 1809 3108 verbis
1835 3034 1947 3132 quoti·

262 3161 378 3233 dicati
411 3161 485 3232 texi
513 3160 696 3256 professus
728 3173 784 3236 est
801 3161 865 3261 18).
930 3160 1052 3262 Atque
1083 3163 1171 3237 liaeo
1204 3164 1419 3262 negligentia
1450 3175 1525 3255 est,
1560 3189 1665 3261 quam
1697 3164 1736 3233 in
1767 3161 1948 3257 superiore

261 3288 379 3363 libello
405 3287 633 3385 epistolarum
663 3314 861 3362 sermonem
886 3289 1062 3363 interdum
1088 3315 1168 3362 cum
1194 3294 1338 3388 antiqua
1366 3288 1546 3363 comoedia
1572 3301 1791 3362 communem
1819 3285 1948 3358 habere

263 3413 355 3506 dixi,
382 3413 479 3513 quod
504 3441 612 3514 quum
636 3415 730 3513 apud
753 3419 889 3516 peritos
916 3417 1082 3517 exemplis
1107 3416 1267 3514 indigere
1291 3439 1363 3488 non
1387 3428 1584 3514 putassem,
1608 3419 1774 3517 quoniam
1794 3415 1870 3485 sine
1891 3411 1948 3482 his

263 3541 449 3637 Zumptius
476 3540 620 3616 credere
645 3569 685 3617 se
708 3546 871 3645 negarit,
903 3544 1072 3619 nonnulla
1095 3542 1139 3616 de
1163 3541 1279 3617 medio
1304 3556 1444 3641 arrepta
1471 3546 1510 3617 in
1537 3546 1696 3641 margine
1721 3538 1859 3638 subjeci
1878 3536 1947 3637 ¹⁹);

335 3760 380 3826 18)
398 3761 494 3814 Famil.
515 3762 562 3814 tx.
580 3761 626 3817 21.
1479 3805 1481 3809 ,
1645 3823 1648 3832 Ι

335 3856 689 3924 ia)cr.iu.x111.ea=
716 3861 767 3915 lire
785 3863 931 3934 quicquum
954 3873 1018 3934 pete
1035 3864 1183 3932 impurias,
1209 3864 1283 3932 qnod
1300 3863 1329 3914 iu
1347 3862 1460 3932 reliquie
1481 3860 1561 3914 lituis
1577 3875 1633 3913 reu
1651 3859 1851 3928 legasprueter
1871 3857 1947 3908 Brut.

262 3972 288 4006 c.
302 3955 355 4016 to,
384 3955 432 4008 ubi
456 3956 581 4010 aniculae
604 3957 752 4022 tribuitur,
784 3961 858 4029 apud
879 3962 998 4014 cornicor
1021 3967 1111 4013 sutem
1136 3962 1283 4013 identidem
1309 3960 1435 4028 usurpri
1457 3974 1492 4011 ne
1517 3957 1658 4026 zaptiur
1683 3955 1804 4024 quiden«
1817 3952 1947 4021 exe-ptis

260 4051 371 4121 probari
393 4053 483 4114 uolet3
510 4055 655 4122 eademque
673 4070 755 4109 crura
772 4062 818 4110 est.
830 4055 906 4109 verli
921 4066 1012 4128 petest
1028 4070 1078 4126 pru
1094 4057 1157 4126 fieri
1170 4066 1276 4126 petest,
1300 4058 1376 4126 quud
1392 4061 1424 4106 ut
1443 4056 1474 4107 iu
1491 4052 1606 4123 reliquie
1625 4053 1753 4104 entitur
1771 4050 1850 4103 aba·
1866 4049 1947 4100 uaris·

261 4151 328 4201 uine
352 4151 406 4217 (el.
425 4152 509 4203 Aeaci.
529 4151 552 4202 l.
570 4149 585 4200 7
605 4157 633 4203 et
650 4150 688 4202 11.
704 4149 754 4214 38,
779 4152 827 4204 nbi
845 4159 933 4207 tanen
951 4171 1091 4224 perperam
1110 4152 1276 4204 Guereurius
1296 4150 1408 4203 Tuscul.
1427 4151 1449 4202 1.
1464 4150 1496 4202 bl
1517 4157 1545 4203 et
1560 4149 1642 4203 oue.
1663 4147 1748 4201 titt
1771 4144 1949 4214 conparauit)

262 4248 300 4299 itu
318 4249 347 4300 iu
367 4249 491 4317 epistolis
509 4248 726 4318 frequentissime
743 4247 874 4311 iubetur,
897 4250 936 4301 ei.
953 4252 1009 4304 itt.
1026 4247 1228 4310 u.1t..vt.t,
1246 4249 1279 4302 x.
1294 4249 1324 4308 4,
1340 4248 1390 4299 Xl.
1401 4247 1432 4309 1,
1449 4247 1523 4299 xit.
1536 4244 1703 4309 11,Χ1’.1,
1726 4244 1804 4296 auc
1820 4240 1874 4293 1ιῖ
1893 4245 1947 4291 ete.

263 4346 331 4399 lten
349 4363 431 4417 quusi
449 4348 564 4399 miae
580 4345 610 4396 iu
628 4345 731 4415 protasi
748 4346 877 4415 pervelim
894 4348 964 4400 seire
981 4362 1045 4399 uum
1056 4352 1171 4415 praeter
1183 4346 1323 4408 Verrium,
1343 4361 1412 4414 qm
1430 4360 1480 4396 uec
1498 4345 1572 4415 iprae
1583 4344 1675 4412 -ugiu
1691 4359 1772 4411 quan
1788 4340 1949 4392 nomm

262 4461 278 4493 a
295 4442 400 4515 plebeji
420 4445 550 4497 sermonis
573 4442 741 4510 euutugiuue
752 4458 862 4511 prorsus
879 4443 1011 4496 innuere
1029 4444 1159 4506 dixerim,
1186 4460 1300 4514 uuquam
1318 4445 1372 4495 uisi
1392 4443 1424 4493 iu
1440 4442 1564 4512 epistolis
1580 4443 1697 4510 legatur,
1722 4439 1767 4490 cie
1779 4437 1863 4491 au..
1876 4433 1906 4484 li
1920 4432 1948 4492 5·

262 4541 318 4591 att.
338 4539 441 4602 1115,
470 4541 541 4593 idern
565 4555 628 4591 vero
652 4540 808 4593 comoediae
832 4540 977 4592 conuenire
1001 4540 1082 4592 dccet
1105 4542 1194 4594 Plauti
1216 4540 1346 4609 Amphitr.
1367 4539 1391 4591 1.
1407 4538 1433 4592 1.
1446 4539 1500 4592 ii,
1528 4557 1612 4611 quusi
1632 4536 1948 4610 papamet-arm.

265 4651 314 4706 eqo
331 4635 473 4708 [apirian
489 4654 627 4699 mamre
653 4654 704 4693 uec
722 4638 747 4689 ri
764 4638 798 4689 te
816 4636 869 4690 lior
886 4637 989 4706 ambigi
1005 4637 1108 4706 poerit.
1126 4637 1238 4690 «lulium
1255 4636 1309 4688 erit
1325 4637 1360 4688 ie
1379 4653 1527 4707 ryuuupuo
1546 4637 1607 4706 ejus
1625 4633 1788 4687 medam
1805 4630 1863 4681 aive
1881 4643 1950 4680 cem

264 4729 360 4792 nude,
387 4731 421 4783 ‹le
445 4748 499 4802 qno
524 4735 561 4786 ci.
586 4734 675 4786 l‘laut.
701 4732 796 4804 sript.
816 4734 853 4788 11.
873 4735 902 4789 2.
922 4734 973 4796 31,
1003 4735 1065 4788 Car.
1085 4735 1137 4787 111.
1158 4736 1185 4787 l.
1205 4733 1238 4796 ³,
1272 4733 1332 4787 1111.
1351 4735 1399 4790 Ν.
1419 4736 1447 4789 i.
1468 4735 1520 4798 ct,
1547 4737 1656 4788 Terent.
1677 4730 1784 4782 Pbum.
1803 4725 1852 4778 lV.
1872 4724 1899 4777 ³.
1918 4722 1950 4783 9,
