4418 5648
189 607 294 681 quam
315 582 475 655 rhetores
494 580 682 677 appellant,
702 602 806 677 quam
827 568 1017 679 regendarii
1034 579 1087 648 uti
1099 576 1237 668 mallet,
1261 579 1299 648 in
1320 579 1570 650 sententiarum
1589 600 1673 649 vero
1693 600 1877 674 processu,

188 710 326 807 qualem
351 711 427 805 ipse
452 709 638 804 Zumptius
664 717 760 779 reete
785 705 984 802 perspexit,
1009 703 1215 776 ameriam
1238 715 1351 797 certe,
1377 729 1467 804 qnae
1497 703 1664 778 Ciceroni
1686 707 1798 778 tribui
1815 731 1876 780 nc-

187 845 312 934 queat,
344 834 433 905 nihil
459 837 573 925 inest,
606 859 722 931 neque
747 857 824 904 eam
852 831 1111 931 praefationem
1135 830 1258 923 video,
1292 842 1377 929 post
1399 857 1504 930 quam
1530 844 1735 928 exspectare
1757 835 1875 931 possis

189 962 401 1033 Ciceronem
419 960 550 1033 diutins
574 962 613 1029 in
632 984 673 1031 ea
691 958 930 1056 disputatione
946 969 1166 1031 versaturum
1184 983 1276 1049 esse,
1299 975 1409 1057 'qnam
1423 961 1499 1056 ipse
1514 958 1702 1055 Zumptius
1727 960 1882 1056 ineptam

190 1087 267 1160 lore
292 1087 484 1180 intellexit,
516 1098 557 1157 ut
585 1084 722 1159 Solone
755 1097 900 1157 auctore
918 1086 977 1157 ‘de
1001 1086 1165 1158 universa
1195 1086 1335 1157 ratione
1363 1085 1602 1181 praemiomm
1626 1095 1663 1157 et
1686 1109 1882 1182 poennrnm

188 1213 295 1286 dicat.
346 1211 419 1305 At,
444 1212 577 1310 inquit,
607 1237 653 1286 ne
676 1213 721 1283 iis
750 1211 892 1310 quidem
919 1222 1077 1302 constat,
1105 1236 1195 1311 quae
1221 1210 1387 1309 deinceps
1409 1236 1449 1284 se
1474 1212 1714 1308 expositurum
1740 1211 1882 1309 prolite-

189 1354 266 1432 tur,
302 1365 407 1439 qmsm
427 1340 601 1411 rationem
623 1340 865 1434 praemiorum
896 1349 931 1410 et
959 1363 1153 1434 pomarum
1178 1339 1477 1412 dccommdarssm
1501 1338 1539 1407 in
1564 1338 1659 1410 bello
1684 1340 1885 1414 Mutinensi

189 1477 327 1558 secretas
357 1468 425 1557 sit,
465 1463 529 1538 sed
561 1466 599 1536 in
633 1463 703 1535 alia
737 1467 856 1539 omnia
889 1463 1055 1563 abreptus
1089 1477 1174 1563 post
1208 1463 1336 1537 malms
1370 1463 1509 1537 demum
1544 1463 1710 1563 ambages
1745 1464 1827 1539 inde
1862 1491 1883 1536 a

189 1591 327 1666 verbis:
356 1592 441 1663 bnis
463 1591 579 1665 babiti
596 1615 619 1662 a
640 1616 695 1664 me
715 1590 865 1664 bonomi
887 1590 983 1664 nulli
1004 1591 1158 1691 quidem,
1184 1593 1312 1688 incipit
1331 1593 1482 1688 primum
1503 1588 1547 1663 de
1572 1592 1735 1687 praemiis
1757 1591 1883 1665 deinde

192 1720 237 1793 de
262 1720 388 1817 poenis
414 1716 552 1813 dicere,
586 1743 676 1817 quae
701 1716 931 1810 antecedant,
965 1716 1050 1816 quid
1075 1742 1164 1816 opus
1190 1730 1266 1790 erat
1289 1715 1398 1788 scribi
1416 1714 1464 1787 ad
1486 1715 1541 1789 M.
1555 1717 1724 1810 Brutum,
1757 1721 1820 1819 qai
1842 1743 1885 1791 en

190 1848 311 1918 omnin
336 1847 466 1942 optime
487 1855 623 1935 nosset,
659 1845 723 1943 qni
746 1845 781 1915 si
806 1868 878 1916 non
902 1845 978 1940 ipse
1003 1846 1212 1943 interfiserat
1236 1844 1280 1914 iis
1305 1845 1428 1935 rebus,
1463 1869 1569 1940 saepe
1592 1847 1757 1919 andierat
1779 1870 1885 1945 qaam

190 1976 236 2045 ab
262 1973 345 2046 alisi
370 1984 444 2045 tssm
468 1973 514 2042 ab
539 1968 710 2043 Cicerone
735 1968 840 2066 ipso?
891 1968 1006 2060 Quasi
1027 1996 1113 2072 vero
1137 1982 1259 2044 narret
1282 1993 1378 2040 nune
1398 1966 1529 2042 Cicero
1550 1970 1665 2043 Bruto
1687 1970 1784 2068 quod
1805 1997 1885 2044 eum

191 2105 357 2199 ignorare
390 2098 597 2190 arbitretur,
634 2120 705 2169 non
736 2098 935 2194 recogitare
962 2095 1106 2195 jubeat,
1139 2095 1277 2194 qualem
1301 2096 1414 2192 ipsius
1438 2106 1476 2169 et
1504 2096 1557 2167 rei
1579 2093 1742 2193 publicae
1767 2098 1885 2171 condi·

193 2230 331 2302 cionem
356 2225 468 2297 luisse
493 2223 603 2315 sciat,
634 2234 677 2296 nt
699 2222 891 2321 intelligat,
925 2247 1030 2322 quam
1054 2222 1185 2320 injuste
1212 2219 1423 2296 Ciceronem
1453 2220 1717 2320 reprehenderit
1739 2237 1885 2321 propter

192 2353 359 2444 consilia,
393 2376 484 2449 quae
508 2351 708 2422 neccssaria
729 2349 841 2422 fnisse
863 2372 968 2422 nemo
993 2374 1124 2446 negare
1146 2351 1282 2446 possit,
1312 2349 1374 2447 qui
1400 2346 1540 2421 illorum
1566 2357 1762 2446 temporum
1787 2362 1884 2424 recte

193 2477 418 2553 recordetur!
476 2475 601 2573 Neque
626 2477 719 2549 enim
744 2475 846 2548 aliter
870 2478 1032 2549 excusari
1062 2485 1227 2572 poterant
1250 2477 1406 2549 honores
1430 2476 1469 2546 in
1495 2472 1731 2548 Octavianum
1754 2477 1884 2568 collati,

195 2631 299 2703 quam
325 2605 407 2701 quis
432 2602 545 2676 debiti
567 2613 602 2674 et
626 2603 818 2674 necessarii
839 2602 1010 2698 fuissent;
1038 2602 1134 2701 quod
1160 2627 1268 2702 quum
1292 2627 1367 2674 non
1390 2602 1605 2676 intellexisse
1629 2601 1764 2673 Brutus
1789 2600 1884 2672 vide·

44 2800 49 2805 .
192 2743 309 2823 retur,
342 2730 426 2828 qnia
452 2726 609 2825 alioquin
634 2726 845 2800 Ciceronem
875 2730 913 2800 in
943 2729 1014 2800 illis
1039 2754 1113 2801 non
1143 2728 1446 2827 reprehendisset,
1477 2754 1537 2801 res
1567 2730 1645 2825 ipsa
1670 2725 1884 2824 postulabat,

194 2869 235 2928 ut
259 2859 291 2930 ei
312 2857 351 2926 in
375 2855 578 2928 memoriam
598 2853 842 2947 revocaretur,
878 2880 948 2953 quo
974 2858 1013 2927 in
1038 2868 1133 2929 statu
1156 2857 1233 2953 ipse
1259 2882 1303 2929 ex
1326 2855 1430 2930 ltalia
1455 2853 1584 2928 cedens
1608 2853 1884 2950 rempublicam

193 2983 414 3080 reliquisset:
447 2981 587 3051 initiam
611 2977 782 3053 libertatis
807 2980 1067 3078 recuperandae
1092 2981 1226 3055 factum
1251 3007 1330 3056 csse
1352 3009 1373 3054 a
1397 2981 1611 3079 conjuratis,
1635 2978 1743 3053 multa
1767 2992 1885 3053 tamen

194 3108 460 3205 praetermissa,
497 3132 572 3180 rem
604 3106 780 3204 publicam
812 3120 965 3182 erectam
996 3107 1114 3182 studia
1145 3135 1209 3181 sua
1242 3106 1431 3200 obtulisse,
1465 3107 1574 3180 duces
1601 3131 1751 3204 peregre
1776 3107 1884 3205 proti·

196 3235 370 3307 ciscentes
392 3231 539 3306 maden
561 3231 784 3328 destituisse3
811 3232 1023 3308 Ciceronem
1042 3235 1158 3307 solnm
1182 3235 1343 3309 relictum
1365 3236 1441 3306 sine
1467 3231 1657 3306 Octaviani
1681 3228 1884 3330 adjumento

194 3357 347 3433 Antonii
371 3360 485 3432 lusori
506 3361 671 3433 resistere
692 3383 767 3431 non
786 3361 943 3454 potuisse
949 3388 961 3455 3
988 3386 1078 3459 qnae
1093 3363 1162 3460 qui
1180 3360 1588 3458 praeter-necessitatem
1609 3384 1631 3429 a
1650 3358 1884 3432 declamatore
1995 3386 1997 3388 ·

170 3459 180 3481 ⁸
195 3488 313 3584 aliquo
332 3484 383 3558 mi
404 3485 640 3584 eloquentiam
660 3485 909 3557 osteadendam
930 3496 966 3559 et
983 3488 1105 3560 inanes
1125 3488 1296 3586 qnasslm
1314 3488 1499 3559 omlornm
1515 3485 1690 3586 senonias
1708 3485 1886 3584 elepanter

197 3613 454 3708 componendas
478 3610 672 3707 praemissa
693 3622 814 3706 putet,
845 3637 925 3684 eum
947 3622 1065 3686 tantm
1086 3614 1267 3709 gravitatis
1289 3624 1495 3711 argumento
1516 3609 1742 3708 dijudicando
1765 3635 1885 3709 parem

197 3762 275 3811 esse
292 3736 373 3834 jure
388 3750 457 3809 tuo
479 3763 600 3836 neges.
655 3737 713 3811 lle
731 3737 882 3835 singulis
903 3749 1017 3811 autem
1038 3763 1185 3836 prorsus
1208 3742 1379 3831 caecutit,
1402 3738 1508 3811 veluti
1533 3735 1630 3836 quod
1652 3737 1739 3834 ipsis
1756 3737 1885 3810 ldilnn

197 3862 365 3955 Martini,
414 3889 488 3938 non
517 3876 598 3962 post
628 3865 806 3939 interitum
842 3862 1007 3937 Caesaris
1039 3876 1073 3937 et
1106 3877 1239 3938 vestm
1279 3864 1523 3938 memorabiles
1553 3864 1646 3936 Idus
1683 3862 1885 3958 ponendum

197 3990 308 4061 fuisse
330 3989 391 4078 ait,
418 3989 515 4087 quod
532 3989 661 4063 Cicero
685 3990 968 4086 praetermissam
993 4015 1013 4060 a
1039 3989 1234 4088 conjuretis
1255 3991 1370 4089 dicat;
1402 3994 1503 4090 qnasi
1523 3990 1593 4061 hoc
1612 3986 1725 4059 solum
1750 3989 1884 4080 innuat,

198 4112 294 4210 qnod
327 4138 433 4209 saepe
458 4115 573 4188 Bruto
606 4114 812 4212 exprobrat,
846 4112 1009 4189 Antonio
1039 4118 1261 4214 pepercisse,
1298 4144 1413 4216 neque
1441 4116 1560 4189 eadem
1584 4137 1673 4186 voce
1699 4116 1885 4186 sessionem

200 4240 296 4311 illam
326 4237 569 4336 Capitolinam
588 4239 640 4341 43)
674 4240 914 4341 reliquamque
946 4244 1108 4316 inertiam
1142 4243 1434 4342 comprehendat,
1473 4268 1542 4342 qua
1573 4239 1706 4312 lactum
1738 4265 1815 4312 esse
1838 4254 1886 4316 „nt

267 4421 313 4488 ⁴3)
331 4424 387 4473 An.
405 4420 479 4471 xlv.
501 4419 549 4481 ll;
575 4421 612 4472 ci.
630 4420 699 4472 ibid.
720 4439 762 4491 ep.
776 4421 823 4476 1⁰2
848 4424 1024 4475 messinistine
1042 4442 1082 4473 me
1104 4423 1236 4483 elamore,
1263 4424 1314 4476 ills
1335 4427 1392 4496 ipss
1410 4428 1496 4496 prims
1519 4421 1677 4495 Capitolina
1697 4419 1741 4471 siie
1763 4429 1884 4471 smsstnns

198 4514 227 4561 in
244 4509 415 4579 Capitolium
432 4526 450 4558 a
466 4508 637 4577 praetoribus
655 4510 765 4559 vacarit
790 4509 832 4562 dii
849 4511 1030 4561 immortales!
1052 4527 1122 4580 quse
1140 4519 1196 4562 san
1215 4527 1296 4580 spera
1315 4512 1385 4580 efflei
1398 4519 1559 4581 potnerunt,
1580 4510 1746 4562 laetantibus
1762 4510 1884 4560 omnibns

199 4601 292 4658 lanis,
318 4599 399 4649 etism
422 4606 467 4648 sat
490 4594 584 4652 barb,
612 4594 710 4662 fruens
735 4595 906 4648 merassas!
941 4598 1082 4650 Liberalis
1108 4608 1137 4650 ιιι
1156 4603 1285 4651 seeum?
1312 4599 1380 4670 quid
1398 4599 1461 4669 fieri
1483 4609 1547 4652 tane
1570 4600 1682 4670 potnit?
1700 4597 1763 4671 jans
1779 4597 1884 4670 pridem

196 4690 369 4759 perieramus.
418 4684 598 4736 Meministine
624 4691 649 4733 ts
673 4682 806 4747 clame,
835 4703 943 4738 esassm
966 4687 1094 4754 periisse,
1129 4689 1156 4738 si
1177 4686 1281 4755 fierem>
1299 4689 1387 4740 elatem
1410 4688 1498 4737 esset?
1533 4695 1564 4737 st
1586 4688 1636 4740 ille
1660 4689 1741 4740 etism
1768 4688 1797 4738 iss
1821 4687 1882 4755 fora

198 4780 348 4831 combustus
367 4775 549 4846 &Metasque
567 4773 755 4826 miserabiliter
778 4779 830 4825 ete.

1469 4870 1495 4941 5
