4418 5648
261 614 407 699 propter
432 598 562 697 Lepidi
593 597 724 669 liberos
755 624 777 668 u
802 599 905 671 Bruti
937 622 1090 695 persone
1121 595 1269 669 alienum
1295 623 1392 690 esse,
1424 601 1587 700 equidem
1611 601 1707 674 haud
1732 604 1808 676 scio
1833 628 1879 674 uu
1900 605 1950 696 ei,

261 755 365 826 quern
398 731 436 798 in
465 726 658 824 Scaptium
688 750 795 798 cause
821 726 877 798 vel
905 726 1143 823 iniquissimus
1168 749 1225 796 res
1253 750 1275 795 a
1302 724 1476 799 Cicerone
1507 739 1685 824 petentem
1708 729 1866 802 ridemus
1883 731 1950 830 ⁵⁰),

259 855 347 927 tales
377 879 519 952 qnoque
548 875 675 950 preces
706 855 935 945 conveniant,
971 851 1098 951 quibus
1124 852 1193 924 etsi
1223 875 1297 923 non
1320 876 1342 922 u
1366 854 1492 924 stricto
1512 853 1594 951 jure
1618 867 1736 928 tumen
1752 854 1805 926 sb
1830 857 1950 929 huma·

262 985 371 1054 nitute
403 991 440 1052 et
471 975 730 1051 necessitudine
759 981 940 1052 excusatio
966 990 1150 1077 suppetet,
1185 976 1281 1075 quod
1310 988 1426 1051 sutem
1453 980 1492 1050 in
1517 979 1636 1053 Gsssii
1665 980 1711 1052 ud
1739 980 1950 1055 Ciceronem

262 1105 440 1204 epistolis,
476 1107 537 1204 qui
565 1102 685 1176 eadem
717 1102 885 1178 affinitate
911 1129 991 1178 cnm
1015 1103 1158 1202 Lepido
1184 1103 1331 1203 junctus
1360 1117 1454 1199 erut,
1490 1106 1579 1178 nihil
1605 1107 1780 1204 ejusmodi
1811 1122 1950 1183 exstare

260 1233 394 1330 arguit,
438 1254 512 1303 uon
542 1232 702 1303 meminit
736 1231 791 1301 vir
821 1229 1067 1322 doctissimus,
1108 1230 1172 1303 lms
1206 1231 1374 1328 epistolas
1406 1242 1488 1306 aute
1510 1235 1669 1330 scriptus
1703 1259 1801 1325 esse,
1845 1260 1949 1333 quam

261 1357 421 1455 Lepidus
454 1356 498 1429 ad
527 1354 727 1430 Antonium
758 1356 967 1450 deiecisset,
1008 1355 1137 1430 nedum
1169 1356 1247 1456 ejus
1281 1361 1335 1431 rei
1368 1358 1462 1430 fumo
1492 1357 1539 1429 ad
1567 1356 1734 1451 Cassium
1771 1363 1810 1431 in
1843 1360 1950 1459 Syris

260 1485 447 1583 degentem
480 1486 664 1581 pervenire
697 1483 841 1582 posset!
903 1484 962 1556 Be
992 1486 1037 1555 iis
1068 1482 1222 1582 denique
1254 1510 1344 1585 quae
1374 1487 1414 1556 in
1448 1487 1675 1582 peroratione
1708 1487 1840 1583 carpit,
1879 1490 1948 1583 ipsi

259 1612 410 1685 lectores
437 1608 617 1707 judicent,
653 1636 738 1682 num
763 1613 804 1683 in
827 1611 884 1682 his
913 1609 1051 1682 verbis:
1088 1610 1196 1682 dobes
1219 1612 1392 1684 rutioneor
1419 1636 1575 1684 meorum
1599 1613 1869 1704 sestertiorum,
1904 1615 1949 1684 de

257 1739 324 1809 doe
349 1761 475 1835 ponere
500 1737 674 1808 dumam
696 1736 840 1809 lionoris
866 1748 901 1809 et
922 1761 1078 1833 menae:
1106 1762 1189 1807 rrum
1209 1738 1258 1809 de
1282 1739 1406 1810 ceteris
1427 1741 1531 1810 relus
1551 1739 1640 1837 quid
1659 1738 1825 1810 sumemus
1844 1739 1948 1837 quid·

256 1888 322 1962 que
350 1863 564 1954 cmmerim,
596 1863 737 1936 nudum
766 1874 799 1935 te
826 1864 1001 1937 arbitror:
1037 1865 1101 1936 sed
1129 1863 1217 1935 duee
1246 1864 1387 1962 quidem
1417 1890 1489 1936 non
1520 1867 1571 1937 itu
1600 1864 1819 1952 necessaria,
1856 1864 1950 1936 illud

255 1989 361 2060 uelde
385 1991 619 2061 nccmsurmm
645 2001 680 2062 te
704 1991 742 2062 in
766 1989 916 2062 Itulinm
946 2015 1024 2062 cnm
1055 1990 1218 2062 σκοταῖοι-
1241 1991 1360 2062 venire
1387 2015 1492 2089 quarn
1520 1991 1694 2086 primum,
1728 2001 1789 2060 aut
1815 1989 1949 2087 aliquid

261 2118 366 2208 insit,
398 2114 513 2212 quod,
547 2128 587 2188 nt
612 2117 723 2213 ipsius
748 2118 907 2214 Zumptii
930 2115 1046 2189 verbis
1071 2128 1169 2207 ntur,
1194 2118 1364 2188 comicum
1386 2123 1548 2211 potitum,
1583 2141 1654 2188 non
1675 2117 1768 2187 serio
1793 2117 1946 2187 seiten-

259 2255 327 2316 tem
367 2242 574 2317 Ciceronem
606 2244 750 2335 decem,
787 2256 848 2316 ant
880 2269 940 2334 eu,
979 2267 1068 2342 quae
1100 2241 1158 2312 hic
1188 2245 1389 2316 necessaris
1422 2267 1500 2314 esse
1532 2255 1660 2341 negat,
1698 2242 1743 2314 ad
1775 2245 1947 2315 rationem

256 2370 429 2443 donorum
452 2381 486 2442 et
508 2393 702 2466 poenorum
724 2371 864 2464 potius,
897 2395 1002 2468 quum
1022 2369 1074 2441 td
1093 2368 1132 2438 id
1154 2372 1251 2468 quod
1271 2372 1316 2441 de
1339 2370 1462 2441 ceteris
1485 2370 1589 2441 rebus
1609 2370 1756 2442 summit
1774 2381 1947 2466 spectent,

258 2510 318 2567 unt
344 2495 433 2567 haee
462 2498 541 2593 ipsu
568 2520 648 2567 cum
673 2497 737 2587 iis,
773 2522 862 2594 qnae
888 2494 932 2568 de
958 2496 1096 2567 ratione
1123 2521 1266 2566 umrum
1298 2498 1568 2587 sententiarum,
1603 2522 1677 2568 nou
1702 2498 1747 2568 de
1770 2498 1949 2569 sententiis

259 2624 442 2719 exposuit,
476 2623 526 2694 ita
553 2624 750 2719 comparari
775 2624 933 2719 possint,
959 2633 998 2693 ut
1017 2621 1098 2718 jure
1123 2647 1189 2693 suo
1214 2623 1400 2719 Zumptius
1417 2623 1626 2696 cavilletur:
1654 2624 1860 2722 quasivero
1886 2634 1948 2694 out

258 2751 302 2820 de
327 2749 519 2821 donoridus
543 2760 578 2820 et
596 2750 721 2844 poenis
743 2773 829 2847 quus
848 2749 1038 2821 sententias
1064 2746 1189 2821 Cicero
1216 2750 1375 2840 dixerat,
1406 2774 1479 2820 mon
1505 2750 1681 2821 audiverit
1698 2747 1854 2835 Brutus,
1885 2759 1948 2819 out

258 2878 336 2947 ideo
364 2887 525 2971 susceptu
549 2876 660 2973 suerit
685 2865 772 2947 doec
798 2876 1010 2973 disputatio,
1044 2885 1084 2945 ut
1111 2880 1265 2969 primum
1294 2875 1433 2945 audiret
1459 2872 1522 2945 ille
1553 2898 1644 2971 quae
1675 2881 1779 2943 antea
1805 2874 1946 2969 iquore-

257 3001 384 3073 oerut?
419 3000 580 3099 equidem
607 3001 694 3073 illud
719 3002 832 3075 solnm
858 3000 1011 3100 urgebo,
1045 2999 1221 3099 quomodo
1245 3013 1363 3073 tantae
1389 3002 1587 3099 quaestioni
1600 2996 1855 3072 decernendae
1881 3024 1946 3094 par

256 3124 379 3199 heberi
410 3127 545 3222 possit,
584 3131 645 3226 qni
677 3140 714 3201 et
744 3130 813 3200 hoc
846 3127 1098 3224 reprehendet,
1135 3125 1230 3225 quod
1261 3126 1389 3201 Cicero
1422 3129 1613 3200 maximum
1642 3150 1738 3222 spem
1770 3149 1876 3223 quum
1908 3127 1946 3195 in

258 3255 469 3328 auctoritate
492 3254 605 3327 Bruti
636 3266 707 3326 tum
741 3257 777 3325 in
809 3255 981 3327 exercitam
1004 3254 1108 3351 liujus
1135 3255 1268 3325 viridam
1292 3277 1365 3325 esse
1389 3253 1541 3344 sentus,
1576 3264 1612 3325 et
1635 3249 1824 3322 ridiculum
1850 3251 1946 3322 dicut

258 3381 559 3454 adhortationem:
600 3383 668 3452 scis
701 3383 812 3472 ersim,
855 3390 1019 3480 quantum
1050 3381 1095 3451 sit
1130 3381 1167 3450 in
1200 3380 1432 3476 temporibus,
1473 3390 1639 3478 qurumtum
1673 3382 1710 3449 in
1742 3377 1943 3450 eeleritate!

259 3505 408 3578 Scilicet
442 3509 686 3580 erectoritntsm
720 3510 757 3578 in
793 3507 884 3580 bello
924 3507 996 3577 nisi
1026 3507 1076 3577 ad
1108 3505 1353 3576 continendum
1387 3507 1576 3578 exereitum
1609 3505 1704 3576 uidit
1732 3504 1851 3576 volem
1882 3506 1942 3594 ait,

606 3693 675 3702 -a-n

258 3809 449 3878 epistolarum,
476 3825 557 3878 quern
581 3809 651 3857 inter
668 3805 783 3856 Brutum
808 3816 834 3857 ct
857 3809 926 3858 inter
946 3806 1099 3860 Ciceronem
1124 3804 1283 3856 intercedere
1307 3807 1464 3874 opertebat,
1492 3807 1608 3856 inueniri
1630 3823 1685 3856 non
1706 3807 1806 3874 potuit.
1849 3806 1944 3874 Neque

256 3923 318 3956 uero
344 3906 404 3975 ipsc
428 3921 486 3962 res,
512 3902 545 3952 de
564 3918 619 3972 quc
639 3903 714 3952 loeus
732 3901 781 3952 ille
797 3903 867 3953 male
885 3904 1017 3971 mnflsms
1036 3913 1090 3962 eet,
1116 3912 1166 3954 eut
1185 3902 1286 3954 maditus
1309 3903 1344 3952 ab
1366 3901 1424 3951 ullo
1444 3900 1501 3951 clio
1521 3911 1570 3952 eut
1585 3917 1635 3968 per
1656 3918 1684 3951 se
1701 3903 1761 3970 ipsu
1780 3901 1948 3969 probabilis..

260 4004 369 4053 Dicitur
392 4004 459 4052 enirn
482 4000 515 4050 de
539 3999 633 4049 literis
652 3997 767 4068 lepidi,
793 4016 874 4068 ques,
902 4016 985 4068 quun
1004 4009 1083 4068 preter
1105 4000 1190 4051 doctis
1204 3998 1350 4070 judicetur
1373 4000 1496 4068 doneque
1514 3997 1657 4066 publicetur
1675 4006 1760 4047 essent
1769 4024 1783 4055 ,ι
1802 3995 1943 4066 splendore

258 4100 387 4168 fortunae
410 4100 517 4168 privari
540 4113 642 4147 necesse
667 4105 734 4146 erut.
792 4095 873 4156 Quod
897 4097 922 4147 si
945 4098 1002 4166 ipsc
1026 4095 1189 4148 declamator
1214 4095 1280 4146 dicit
1304 4103 1332 4145 ct
1358 4096 1501 4163 antiquans
1527 4112 1581 4145 esee
1604 4103 1631 4144 et
1653 4096 1769 4144 omnium
1793 4096 1941 4151 ciuitatum,

260 4194 332 4245 addo
351 4197 390 4244 itu
406 4195 493 4263 fuisse
510 4193 620 4244 salitum
639 4199 666 4241 et
682 4193 875 4250 necessarium,
900 4201 932 4241 ut
949 4191 1021 4243 rsiltil
1039 4209 1150 4261 prorsus
1168 4191 1202 4242 de
1220 4209 1249 4243 eo
1268 4195 1297 4243 in
1316 4191 1397 4242 talem
1416 4188 1522 4240 modurn
1540 4187 1596 4240 dici
1618 4200 1758 4260 oporteret.
1805 4190 1941 4241 Commen-

259 4291 335 4342 dcret
357 4309 422 4341 sanc
439 4292 538 4341 sororis
558 4288 656 4339 liberos
678 4284 804 4337 Ciceroni
825 4286 865 4336 M.
880 4286 1000 4347 Brutus,
1025 4297 1055 4338 ut
1074 4287 1217 4339 crudeliter
1239 4291 1267 4339 iu
1291 4306 1334 4339 eos
1352 4290 1401 4358 uqi
1423 4288 1586 4337 existimaret
1602 4296 1652 4338 unt
1675 4289 1818 4356 quiequam
1844 4291 1943 4337 mutari

258 4389 356 4448 vellet,
373 4386 435 4456 fieri
452 4404 506 4438 non
522 4388 623 4456 potuit.
661 4384 717 4435 Nee
735 4387 763 4435 in
784 4383 819 4436 G.
837 4381 929 4434 Cassii
935 4419 943 4442 ‚
968 4401 1045 4452 quem
1063 4386 1124 4436 item
1142 4385 1245 4456 Lepido
1265 4385 1368 4454 affinem
1385 4384 1471 4452 fuisse
1487 4402 1570 4454 supra
1588 4383 1689 4436 dietum
1707 4394 1760 4442 est,
1784 4383 1820 4434 nd
1836 4383 1942 4434 Cicero·

259 4505 317 4536 nem
335 4484 472 4552 epistolis,
497 4501 566 4555 quse
584 4483 692 4552 aliquot
708 4490 867 4551 supersunt,
891 4480 924 4530 de
942 4480 1042 4551 Lepidi
1059 4480 1149 4534 liberis
1168 4490 1216 4532 aut
1234 4485 1262 4532 in
1282 4481 1323 4532 Μ.
1338 4483 1456 4532 Antonii
1473 4481 1564 4532 liberie
1582 4483 1617 4532 ab
1636 4480 1695 4553 ejus
1713 4483 1805 4530 amieis
1823 4482 1942 4531 incusari

261 4593 286 4631 et
305 4600 321 4630 n
343 4579 473 4632 Cicerone
491 4579 601 4649 defendi
618 4579 695 4632 uideo
714 4579 791 4629 illem
810 4588 938 4648 tanquam
956 4577 1146 4629 crudelitstem.

333 4704 377 4765 5⁰)
396 4708 451 4755 Art.
471 4704 504 4754 V.
524 4704 572 4756 tl:
602 4705 729 4755 meditere
754 4703 881 4755 edamus
907 4703 1020 4753 Brutum
1047 4720 1153 4754 cauam
1180 4722 1281 4763 meum,
1314 4706 1338 4754 si
1363 4704 1427 4753 liceo
1452 4720 1533 4753 ceusu
1559 4711 1614 4760 cst,
1648 4711 1740 4753 contu
1766 4718 1845 4769 quern
1870 4699 1942 4750 sitit

262 4800 371 4851 lsorsrete
388 4799 445 4851 dici
458 4810 562 4869 potest5
589 4804 625 4853 cl.
646 4802 712 4855 ibid.
733 4803 779 4854 Vl.
801 4802 812 4852 l
840 4802 970 4870 pluraque
989 4802 1060 4869 apud
1080 4801 1261 4852 Drumunnum
1281 4801 1313 4850 Τ.
1331 4801 1378 4859 ll',
1403 4817 1431 4866 p.
1447 4797 1481 4848 20
1500 4814 1558 4866 sqq.
