<?xml version="1.0" encoding="UTF-8"?>
<!DOCTYPE html PUBLIC "-//W3C//DTD XHTML 1.0 Transitional//EN"
    "http://www.w3.org/TR/xhtml1/DTD/xhtml1-transitional.dtd">
<html xmlns="http://www.w3.org/1999/xhtml" xml:lang="en" lang="en">
 <head>
  <title>
</title>
<meta http-equiv="Content-Type" content="text/html;charset=utf-8" />
  <meta name='ocr-system' content='tesseract 3.04.00' />
  <meta name='ocr-capabilities' content='ocr_page ocr_carea ocr_par ocr_line ocrx_word'/>
</head>
<body>
  <div class='ocr_page' id='page_1' title='image "./vindiciarumbrut00hermgoog_0019.png"; bbox 0 0 4418 5648; ppageno 0'>
   <div class='ocr_carea' id='block_1_1' title="bbox 197 487 1948 2990">
    <p class='ocr_par' dir='ltr' id='par_1_1' title="bbox 197 487 1948 2990">
     <span class='ocr_line' id='line_1_1' title="bbox 255 487 1943 592; baseline -0.001 -27"><span class='ocrx_word' id='word_1_1' title='bbox 255 497 362 566; x_wconf 89' lang='lat' dir='ltr'><strong>immo</strong></span> <span class='ocrx_word' id='word_1_2' title='bbox 389 497 519 591; x_wconf 86' lang='lat' dir='ltr'><strong>optimo</strong></span> <span class='ocrx_word' id='word_1_3' title='bbox 546 496 739 590; x_wconf 72' lang='lat' dir='ltr'><strong>scriptore,</strong></span> <span class='ocrx_word' id='word_1_4' title='bbox 778 514 879 592; x_wconf 79' lang='lat' dir='ltr'><strong>quen</strong></span> <span class='ocrx_word' id='word_1_5' title='bbox 909 496 981 560; x_wconf 82' lang='lat' dir='ltr'><strong>non</strong></span> <span class='ocrx_word' id='word_1_6' title='bbox 1008 489 1126 563; x_wconf 83' lang='lat' dir='ltr'><strong>dicam</strong></span> <span class='ocrx_word' id='word_1_7' title='bbox 1157 487 1338 577; x_wconf 70' lang='lat' dir='ltr'><strong>nessus,</strong></span> <span class='ocrx_word' id='word_1_8' title='bbox 1373 489 1438 560; x_wconf 86' lang='lat' dir='ltr'><strong>sesi</strong></span> <span class='ocrx_word' id='word_1_9' title='bbox 1456 490 1616 587; x_wconf 67' lang='lat' dir='ltr'><strong>fortene</strong></span> <span class='ocrx_word' id='word_1_10' title='bbox 1647 499 1722 561; x_wconf 84' lang='lat' dir='ltr'><strong>tota</strong></span> <span class='ocrx_word' id='word_1_11' title='bbox 1751 491 1943 590; x_wconf 84' lang='lat' dir='ltr'><strong>asstiqaitas</strong></span> 
     </span>
     <span class='ocr_line' id='line_1_2' title="bbox 257 613 1944 717; baseline -0.003 -24"><span class='ocrx_word' id='word_1_12' title='bbox 257 621 378 693; x_wconf 70' lang='lat' dir='ltr'><strong>tulerit</strong></span> <span class='ocrx_word' id='word_1_13' title='bbox 385 669 399 710; x_wconf 95' lang='lat'><strong>,</strong></span> <span class='ocrx_word' id='word_1_14' title='bbox 438 623 497 692; x_wconf 90' lang='lat' dir='ltr'><strong>eui</strong></span> <span class='ocrx_word' id='word_1_15' title='bbox 524 621 688 717; x_wconf 81' lang='lat' dir='ltr'><strong>injuriam</strong></span> <span class='ocrx_word' id='word_1_16' title='bbox 713 621 845 710; x_wconf 82' lang='lat' dir='ltr'><strong>iacias,</strong></span> <span class='ocrx_word' id='word_1_17' title='bbox 880 620 912 688; x_wconf 88' lang='lat' dir='ltr'><strong>si</strong></span> <span class='ocrx_word' id='word_1_18' title='bbox 943 616 1029 714; x_wconf 91' lang='lat' dir='ltr'><strong>quid</strong></span> <span class='ocrx_word' id='word_1_19' title='bbox 1061 615 1196 687; x_wconf 87' lang='lat' dir='ltr'><strong>insoliti</strong></span> <span class='ocrx_word' id='word_1_20' title='bbox 1227 613 1382 704; x_wconf 85' lang='lat' dir='ltr'><strong>tribues,</strong></span> <span class='ocrx_word' id='word_1_21' title='bbox 1415 614 1514 711; x_wconf 90' lang='lat' dir='ltr'><strong>quod</strong></span> <span class='ocrx_word' id='word_1_22' title='bbox 1538 640 1612 686; x_wconf 84' lang='lat' dir='ltr'><strong>aon</strong></span> <span class='ocrx_word' id='word_1_23' title='bbox 1637 640 1657 687; x_wconf 91' lang='lat' dir='ltr'><strong>e</strong></span> <span class='ocrx_word' id='word_1_24' title='bbox 1681 615 1794 688; x_wconf 83' lang='lat' dir='ltr'><strong>media</strong></span> <span class='ocrx_word' id='word_1_25' title='bbox 1819 615 1944 688; x_wconf 78' lang='lat' dir='ltr'><strong>rubeni</strong></span> 
     </span>
     <span class='ocr_line' id='line_1_3' title="bbox 197 738 1943 843; baseline -0.004 -23"><span class='ocrx_word' id='word_1_26' title='bbox 197 813 202 820; x_wconf 92' lang='lat'>.</span> <span class='ocrx_word' id='word_1_27' title='bbox 256 748 429 820; x_wconf 89' lang='lat' dir='ltr'><strong>sermonis</strong></span> <span class='ocrx_word' id='word_1_28' title='bbox 459 746 634 843; x_wconf 71' lang='lat' dir='ltr'><strong>elegantia</strong></span> <span class='ocrx_word' id='word_1_29' title='bbox 665 747 852 843; x_wconf 86' lang='lat' dir='ltr'><strong>repetitum</strong></span> <span class='ocrx_word' id='word_1_30' title='bbox 878 742 1094 840; x_wconf 90' lang='lat' dir='ltr'><strong>dignumque</strong></span> <span class='ocrx_word' id='word_1_31' title='bbox 1119 742 1246 833; x_wconf 81' lang='lat' dir='ltr'><strong>luerit,</strong></span> <span class='ocrx_word' id='word_1_32' title='bbox 1280 738 1377 837; x_wconf 91' lang='lat' dir='ltr'><strong>quod</strong></span> <span class='ocrx_word' id='word_1_33' title='bbox 1400 753 1437 813; x_wconf 85' lang='lat' dir='ltr'><strong>et</strong></span> <span class='ocrx_word' id='word_1_34' title='bbox 1461 742 1537 836; x_wconf 88' lang='lat' dir='ltr'><strong>ipse</strong></span> <span class='ocrx_word' id='word_1_35' title='bbox 1561 754 1598 814; x_wconf 90' lang='lat' dir='ltr'><strong>et</strong></span> <span class='ocrx_word' id='word_1_36' title='bbox 1622 741 1683 812; x_wconf 91' lang='lat' dir='ltr'><strong>alii</strong></span> <span class='ocrx_word' id='word_1_37' title='bbox 1711 743 1943 815; x_wconf 81' lang='lat' dir='ltr'><strong>multislocis</strong></span> 
     </span>
     <span class='ocr_line' id='line_1_4' title="bbox 256 867 1945 970; baseline -0.002 -25"><span class='ocrx_word' id='word_1_38' title='bbox 256 871 446 946; x_wconf 70' lang='lat' dir='ltr'><strong>identidem</strong></span> <span class='ocrx_word' id='word_1_39' title='bbox 470 884 692 970; x_wconf 79' lang='lat' dir='ltr'><strong>murparent.</strong></span> <span class='ocrx_word' id='word_1_40' title='bbox 742 869 883 961; x_wconf 75' lang='lat' dir='ltr'><strong>Audio,</strong></span> <span class='ocrx_word' id='word_1_41' title='bbox 909 894 1023 967; x_wconf 91' lang='lat' dir='ltr'><strong>neque</strong></span> <span class='ocrx_word' id='word_1_42' title='bbox 1047 879 1088 940; x_wconf 83' lang='lat' dir='ltr'><strong>ea</strong></span> <span class='ocrx_word' id='word_1_43' title='bbox 1113 869 1199 940; x_wconf 90' lang='lat' dir='ltr'><strong>mibi</strong></span> <span class='ocrx_word' id='word_1_44' title='bbox 1220 893 1318 940; x_wconf 90' lang='lat' dir='ltr'><strong>mens</strong></span> <span class='ocrx_word' id='word_1_45' title='bbox 1340 879 1413 959; x_wconf 87' lang='lat' dir='ltr'><strong>est,</strong></span> <span class='ocrx_word' id='word_1_46' title='bbox 1437 868 1542 939; x_wconf 85' lang='lat' dir='ltr'><strong>otiis</strong></span> <span class='ocrx_word' id='word_1_47' title='bbox 1562 867 1681 959; x_wconf 90' lang='lat' dir='ltr'><strong>libris,</strong></span> <span class='ocrx_word' id='word_1_48' title='bbox 1706 894 1797 967; x_wconf 88' lang='lat' dir='ltr'><strong>quos</strong></span> <span class='ocrx_word' id='word_1_49' title='bbox 1816 867 1945 942; x_wconf 87' lang='lat' dir='ltr'><strong>Cicero</strong></span> 
     </span>
     <span class='ocr_line' id='line_1_5' title="bbox 256 995 1945 1096; baseline -0.002 -25"><span class='ocrx_word' id='word_1_50' title='bbox 256 1001 404 1096; x_wconf 74' lang='lat' dir='ltr'><strong>integris</strong></span> <span class='ocrx_word' id='word_1_51' title='bbox 428 998 595 1091; x_wconf 78' lang='lat' dir='ltr'><strong>viribus,</strong></span> <span class='ocrx_word' id='word_1_52' title='bbox 608 1025 674 1096; x_wconf 92' lang='lat' dir='ltr'><strong>per</strong></span> <span class='ocrx_word' id='word_1_53' title='bbox 698 999 828 1088; x_wconf 88' lang='lat' dir='ltr'><strong>otium,</strong></span> <span class='ocrx_word' id='word_1_54' title='bbox 854 997 973 1067; x_wconf 85' lang='lat' dir='ltr'><strong>animo</strong></span> <span class='ocrx_word' id='word_1_55' title='bbox 999 996 1094 1067; x_wconf 71' lang='lat' dir='ltr'><strong>cuns</strong></span> <span class='ocrx_word' id='word_1_56' title='bbox 1120 1007 1156 1068; x_wconf 88' lang='lat' dir='ltr'><strong>et</strong></span> <span class='ocrx_word' id='word_1_57' title='bbox 1179 995 1373 1070; x_wconf 86' lang='lat' dir='ltr'><strong>terroribus</strong></span> <span class='ocrx_word' id='word_1_58' title='bbox 1397 1017 1530 1086; x_wconf 79' lang='lat' dir='ltr'><strong>vacuo,</strong></span> <span class='ocrx_word' id='word_1_59' title='bbox 1560 995 1692 1090; x_wconf 88' lang='lat' dir='ltr'><strong>populo</strong></span> <span class='ocrx_word' id='word_1_60' title='bbox 1717 995 1945 1068; x_wconf 81' lang='lat' dir='ltr'><strong>adolescenti-</strong></span> 
     </span>
     <span class='ocr_line' id='line_1_6' title="bbox 254 1120 1946 1224; baseline -0.002 -28"><span class='ocrx_word' id='word_1_61' title='bbox 254 1125 394 1224; x_wconf 87' lang='lat' dir='ltr'><strong>·bnsque</strong></span> <span class='ocrx_word' id='word_1_62' title='bbox 420 1124 604 1199; x_wconf 85' lang='lat' dir='ltr'><strong>doctrinae</strong></span> <span class='ocrx_word' id='word_1_63' title='bbox 628 1137 665 1199; x_wconf 87' lang='lat' dir='ltr'><strong>et</strong></span> <span class='ocrx_word' id='word_1_64' title='bbox 689 1125 896 1196; x_wconf 70' lang='lat' dir='ltr'><strong>imitationis</strong></span> <span class='ocrx_word' id='word_1_65' title='bbox 922 1123 1037 1220; x_wconf 84' lang='lat' dir='ltr'><strong>gratia</strong></span> <span class='ocrx_word' id='word_1_66' title='bbox 1056 1121 1226 1220; x_wconf 86' lang='lat' dir='ltr'><strong>legendos</strong></span> <span class='ocrx_word' id='word_1_67' title='bbox 1251 1122 1414 1218; x_wconf 75' lang='lat' dir='ltr'><strong>scripsit,</strong></span> <span class='ocrx_word' id='word_1_68' title='bbox 1443 1120 1701 1192; x_wconf 72' lang='lat' dir='ltr'><strong>severissimam</strong></span> <span class='ocrx_word' id='word_1_69' title='bbox 1723 1121 1842 1193; x_wconf 79' lang='lat' dir='ltr'><strong>limam</strong></span> <span class='ocrx_word' id='word_1_70' title='bbox 1863 1146 1946 1193; x_wconf 88' lang='lat' dir='ltr'><strong>eon·</strong></span> 
     </span>
     <span class='ocr_line' id='line_1_7' title="bbox 252 1246 1945 1350; baseline -0.003 -27"><span class='ocrx_word' id='word_1_71' title='bbox 252 1254 379 1325; x_wconf 69' lang='lat' dir='ltr'><strong>¹arcersire</strong></span> <span class='ocrx_word' id='word_1_72' title='bbox 404 1277 551 1350; x_wconf 76' lang='lat' dir='ltr'><strong>negem3</strong></span> <span class='ocrx_word' id='word_1_73' title='bbox 579 1251 727 1326; x_wconf 88' lang='lat' dir='ltr'><strong>eandem</strong></span> <span class='ocrx_word' id='word_1_74' title='bbox 744 1262 867 1322; x_wconf 74' lang='lat' dir='ltr'><strong>&#39;tamen</strong></span> <span class='ocrx_word' id='word_1_75' title='bbox 891 1250 1025 1347; x_wconf 90' lang='lat' dir='ltr'><strong>siquis</strong></span> <span class='ocrx_word' id='word_1_76' title='bbox 1045 1246 1092 1318; x_wconf 82' lang='lat' dir='ltr'><strong>ad</strong></span> <span class='ocrx_word' id='word_1_77' title='bbox 1113 1247 1233 1320; x_wconf 89' lang='lat' dir='ltr'><strong>literas</strong></span> <span class='ocrx_word' id='word_1_78' title='bbox 1256 1247 1493 1338; x_wconf 71' lang='lat' dir='ltr'><strong>transtulerit,</strong></span> <span class='ocrx_word' id='word_1_79' title='bbox 1517 1271 1607 1345; x_wconf 83' lang='lat' dir='ltr'><strong>quas</strong></span> <span class='ocrx_word' id='word_1_80' title='bbox 1632 1249 1815 1344; x_wconf 78' lang='lat' dir='ltr'><strong>sexaginta</strong></span> <span class='ocrx_word' id='word_1_81' title='bbox 1839 1250 1945 1321; x_wconf 85' lang='lat' dir='ltr'><strong>trium</strong></span> 
     </span>
     <span class='ocr_line' id='line_1_8' title="bbox 257 1371 1946 1471; baseline -0.002 -22"><span class='ocrx_word' id='word_1_82' title='bbox 257 1403 431 1450; x_wconf 80' lang='lat' dir='ltr'><strong>annorum</strong></span> <span class='ocrx_word' id='word_1_83' title='bbox 454 1404 563 1452; x_wconf 83' lang='lat' dir='ltr'><strong>senex</strong></span> <span class='ocrx_word' id='word_1_84' title='bbox 587 1378 773 1470; x_wconf 75' lang='lat' dir='ltr'><strong>festinans,</strong></span> <span class='ocrx_word' id='word_1_85' title='bbox 798 1376 936 1468; x_wconf 66' lang='lat' dir='ltr'><strong>amus,</strong></span> <span class='ocrx_word' id='word_1_86' title='bbox 960 1377 1000 1446; x_wconf 92' lang='lat' dir='ltr'><strong>iu</strong></span> <span class='ocrx_word' id='word_1_87' title='bbox 1020 1375 1186 1447; x_wconf 81' lang='lat' dir='ltr'><strong>extremis</strong></span> <span class='ocrx_word' id='word_1_88' title='bbox 1211 1375 1263 1446; x_wconf 91' lang='lat' dir='ltr'><strong>rei</strong></span> <span class='ocrx_word' id='word_1_89' title='bbox 1282 1373 1444 1471; x_wconf 87' lang='lat' dir='ltr'><strong>publicae</strong></span> <span class='ocrx_word' id='word_1_90' title='bbox 1465 1371 1695 1471; x_wconf 77' lang='lat' dir='ltr'><strong>temporibus,</strong></span> <span class='ocrx_word' id='word_1_91' title='bbox 1719 1373 1946 1471; x_wconf 89' lang='lat' dir='ltr'><strong>ipsorumque</strong></span> 
     </span>
     <span class='ocr_line' id='line_1_9' title="bbox 258 1498 1946 1602; baseline -0.003 -25"><span class='ocrx_word' id='word_1_92' title='bbox 258 1506 322 1602; x_wconf 90' lang='lat' dir='ltr'><strong>qui</strong></span> <span class='ocrx_word' id='word_1_93' title='bbox 344 1504 439 1576; x_wconf 87' lang='lat' dir='ltr'><strong>lsanc</strong></span> <span class='ocrx_word' id='word_1_94' title='bbox 462 1504 593 1576; x_wconf 62' lang='lat' dir='ltr'><strong>ultam</strong></span> <span class='ocrx_word' id='word_1_95' title='bbox 618 1515 789 1602; x_wconf 86' lang='lat' dir='ltr'><strong>cuperent</strong></span> <span class='ocrx_word' id='word_1_96' title='bbox 810 1527 946 1575; x_wconf 87' lang='lat' dir='ltr'><strong>summa</strong></span> <span class='ocrx_word' id='word_1_97' title='bbox 968 1500 1190 1588; x_wconf 82' lang='lat' dir='ltr'><strong>dissensione</strong></span> <span class='ocrx_word' id='word_1_98' title='bbox 1214 1498 1434 1571; x_wconf 79' lang='lat' dir='ltr'><strong>adonicum</strong></span> <span class='ocrx_word' id='word_1_99' title='bbox 1458 1499 1576 1593; x_wconf 88' lang='lat' dir='ltr'><strong>dedit,</strong></span> <span class='ocrx_word' id='word_1_100' title='bbox 1606 1525 1674 1572; x_wconf 89' lang='lat' dir='ltr'><strong>uae</strong></span> <span class='ocrx_word' id='word_1_101' title='bbox 1697 1501 1729 1570; x_wconf 91' lang='lat' dir='ltr'><strong>is</strong></span> <span class='ocrx_word' id='word_1_102' title='bbox 1754 1511 1815 1570; x_wconf 87' lang='lat' dir='ltr'><strong>aut</strong></span> <span class='ocrx_word' id='word_1_103' title='bbox 1843 1498 1946 1572; x_wconf 67' lang='lat' dir='ltr'><strong>usn</strong></span> 
     </span>
     <span class='ocr_line' id='line_1_10' title="bbox 258 1625 1946 1725; baseline -0.003 -23"><span class='ocrx_word' id='word_1_104' title='bbox 258 1630 362 1703; x_wconf 92' lang='lat' dir='ltr'><strong>nobis</strong></span> <span class='ocrx_word' id='word_1_105' title='bbox 393 1629 603 1702; x_wconf 85' lang='lat' dir='ltr'><strong>Ciceronem</strong></span> <span class='ocrx_word' id='word_1_106' title='bbox 635 1641 697 1701; x_wconf 86' lang='lat' dir='ltr'><strong>aut</strong></span> <span class='ocrx_word' id='word_1_107' title='bbox 727 1631 843 1724; x_wconf 88' lang='lat' dir='ltr'><strong>ipsum</strong></span> <span class='ocrx_word' id='word_1_108' title='bbox 876 1627 1145 1700; x_wconf 75' lang='lat' dir='ltr'><strong>declamatorem</strong></span> <span class='ocrx_word' id='word_1_109' title='bbox 1175 1626 1378 1699; x_wconf 86' lang='lat' dir='ltr'><strong>Neroniana</strong></span> <span class='ocrx_word' id='word_1_110' title='bbox 1409 1638 1522 1700; x_wconf 85' lang='lat' dir='ltr'><strong>aetate</strong></span> <span class='ocrx_word' id='word_1_111' title='bbox 1553 1626 1701 1725; x_wconf 87' lang='lat' dir='ltr'><strong>dignum</strong></span> <span class='ocrx_word' id='word_1_112' title='bbox 1729 1625 1946 1716; x_wconf 73' lang='lat' dir='ltr'><strong>informabit,</strong></span> 
     </span>
     <span class='ocr_line' id='line_1_11' title="bbox 257 1752 1946 1852; baseline -0.001 -24"><span class='ocrx_word' id='word_1_113' title='bbox 257 1755 365 1828; x_wconf 90' lang='lat' dir='ltr'><strong>Pedii</strong></span> <span class='ocrx_word' id='word_1_114' title='bbox 395 1755 489 1826; x_wconf 91' lang='lat' dir='ltr'><strong>illius</strong></span> <span class='ocrx_word' id='word_1_115' title='bbox 522 1755 615 1852; x_wconf 86' lang='lat' dir='ltr'><strong>apud</strong></span> <span class='ocrx_word' id='word_1_116' title='bbox 640 1756 804 1829; x_wconf 83' lang='lat' dir='ltr'><strong>Persium</strong></span> <span class='ocrx_word' id='word_1_117' title='bbox 832 1757 963 1845; x_wconf 88' lang='lat' dir='ltr'><strong>instar,</strong></span> <span class='ocrx_word' id='word_1_118' title='bbox 996 1754 1120 1850; x_wconf 87' lang='lat' dir='ltr'><strong>quiin</strong></span> <span class='ocrx_word' id='word_1_119' title='bbox 1144 1755 1223 1849; x_wconf 90' lang='lat' dir='ltr'><strong>ipso</strong></span> <span class='ocrx_word' id='word_1_120' title='bbox 1249 1753 1376 1851; x_wconf 83' lang='lat' dir='ltr'><strong>capitis</strong></span> <span class='ocrx_word' id='word_1_121' title='bbox 1404 1752 1606 1825; x_wconf 75' lang='lat' dir='ltr'><strong>discrimine</strong></span> <span class='ocrx_word' id='word_1_122' title='bbox 1633 1752 1672 1823; x_wconf 93' lang='lat' dir='ltr'><strong>id</strong></span> <span class='ocrx_word' id='word_1_123' title='bbox 1695 1753 1809 1825; x_wconf 84' lang='lat' dir='ltr'><strong>soluur</strong></span> <span class='ocrx_word' id='word_1_124' title='bbox 1835 1767 1946 1845; x_wconf 84' lang='lat' dir='ltr'><strong>curet,</strong></span> 
     </span>
     <span class='ocr_line' id='line_1_12' title="bbox 256 1875 1946 1979; baseline -0.001 -26"><span class='ocrx_word' id='word_1_125' title='bbox 256 1894 299 1953; x_wconf 85' lang='lat' dir='ltr'><strong>ut</strong></span> <span class='ocrx_word' id='word_1_126' title='bbox 331 1880 423 1954; x_wconf 87' lang='lat' dir='ltr'><strong>belle</strong></span> <span class='ocrx_word' id='word_1_127' title='bbox 454 1880 587 1954; x_wconf 87' lang='lat' dir='ltr'><strong>dixisse</strong></span> <span class='ocrx_word' id='word_1_128' title='bbox 619 1882 807 1979; x_wconf 66' lang='lat' dir='ltr'><strong>namqu</strong></span> <span class='ocrx_word' id='word_1_129' title='bbox 835 1880 971 1979; x_wconf 74' lang='lat' dir='ltr'><strong>figeres</strong></span> <span class='ocrx_word' id='word_1_130' title='bbox 999 1882 1158 1976; x_wconf 76' lang='lat' dir='ltr'><strong>posuisse</strong></span> <span class='ocrx_word' id='word_1_131' title='bbox 1189 1877 1364 1951; x_wconf 89' lang='lat' dir='ltr'><strong>laudetur.</strong></span> <span class='ocrx_word' id='word_1_132' title='bbox 1430 1875 1494 1949; x_wconf 79' lang='lat' dir='ltr'><strong>An</strong></span> <span class='ocrx_word' id='word_1_133' title='bbox 1523 1877 1593 1950; x_wconf 91' lang='lat' dir='ltr'><strong>boc</strong></span> <span class='ocrx_word' id='word_1_134' title='bbox 1628 1904 1771 1978; x_wconf 89' lang='lat' dir='ltr'><strong>quoque</strong></span> <span class='ocrx_word' id='word_1_135' title='bbox 1804 1883 1946 1952; x_wconf 88' lang='lat' dir='ltr'><strong>nomine</strong></span> 
     </span>
     <span class='ocr_line' id='line_1_13' title="bbox 258 2005 1945 2106; baseline -0.002 -25"><span class='ocrx_word' id='word_1_136' title='bbox 258 2008 426 2105; x_wconf 87' lang='lat' dir='ltr'><strong>epistolas</strong></span> <span class='ocrx_word' id='word_1_137' title='bbox 450 2021 592 2082; x_wconf 85' lang='lat' dir='ltr'><strong>nostras</strong></span> <span class='ocrx_word' id='word_1_138' title='bbox 614 2032 696 2080; x_wconf 88' lang='lat' dir='ltr'><strong>cum</strong></span> <span class='ocrx_word' id='word_1_139' title='bbox 716 2009 884 2105; x_wconf 77' lang='lat' dir='ltr'><strong>Zumptio</strong></span> <span class='ocrx_word' id='word_1_140' title='bbox 905 2006 1121 2097; x_wconf 72' lang='lat' dir='ltr'><strong>damnemus,</strong></span> <span class='ocrx_word' id='word_1_141' title='bbox 1146 2007 1242 2104; x_wconf 89' lang='lat' dir='ltr'><strong>quia,</strong></span> <span class='ocrx_word' id='word_1_142' title='bbox 1265 2017 1307 2078; x_wconf 90' lang='lat' dir='ltr'><strong>ut</strong></span> <span class='ocrx_word' id='word_1_143' title='bbox 1327 2005 1379 2076; x_wconf 94' lang='lat' dir='ltr'><strong>illi</strong></span> <span class='ocrx_word' id='word_1_144' title='bbox 1398 2005 1549 2097; x_wconf 80' lang='lat' dir='ltr'><strong>videtur,</strong></span> <span class='ocrx_word' id='word_1_145' title='bbox 1572 2029 1647 2077; x_wconf 90' lang='lat' dir='ltr'><strong>nou</strong></span> <span class='ocrx_word' id='word_1_146' title='bbox 1668 2006 1777 2078; x_wconf 92' lang='lat' dir='ltr'><strong>modo</strong></span> <span class='ocrx_word' id='word_1_147' title='bbox 1796 2007 1945 2106; x_wconf 88' lang='lat' dir='ltr'><strong>singulis</strong></span> 
     </span>
     <span class='ocr_line' id='line_1_14' title="bbox 259 2130 1946 2232; baseline -0.001 -26"><span class='ocrx_word' id='word_1_148' title='bbox 259 2133 395 2228; x_wconf 79' lang='lat' dir='ltr'><strong>verbis,</strong></span> <span class='ocrx_word' id='word_1_149' title='bbox 431 2135 496 2210; x_wconf 88' lang='lat' dir='ltr'><strong>sed</strong></span> <span class='ocrx_word' id='word_1_150' title='bbox 527 2146 603 2210; x_wconf 87' lang='lat' dir='ltr'><strong>toto</strong></span> <span class='ocrx_word' id='word_1_151' title='bbox 633 2133 775 2209; x_wconf 87' lang='lat' dir='ltr'><strong>dicendi</strong></span> <span class='ocrx_word' id='word_1_152' title='bbox 809 2158 937 2232; x_wconf 73' lang='lat' dir='ltr'><strong>genem</strong></span> <span class='ocrx_word' id='word_1_153' title='bbox 972 2130 1018 2203; x_wconf 88' lang='lat' dir='ltr'><strong>ad</strong></span> <span class='ocrx_word' id='word_1_154' title='bbox 1050 2143 1237 2230; x_wconf 74' lang='lat' dir='ltr'><strong>argenteae</strong></span> <span class='ocrx_word' id='word_1_155' title='bbox 1271 2135 1396 2206; x_wconf 81' lang='lat' dir='ltr'><strong>aetatis</strong></span> <span class='ocrx_word' id='word_1_156' title='bbox 1427 2158 1561 2205; x_wconf 87' lang='lat' dir='ltr'><strong>morem</strong></span> <span class='ocrx_word' id='word_1_157' title='bbox 1593 2132 1783 2225; x_wconf 84' lang='lat' dir='ltr'><strong>accedunt,</strong></span> <span class='ocrx_word' id='word_1_158' title='bbox 1818 2135 1946 2231; x_wconf 59' lang='lat' dir='ltr'><strong>abque</strong></span> 
     </span>
     <span class='ocr_line' id='line_1_15' title="bbox 256 2255 1948 2360; baseline -0.001 -28"><span class='ocrx_word' id='word_1_159' title='bbox 256 2261 435 2360; x_wconf 72' lang='lat' dir='ltr'><strong>eleganter</strong></span> <span class='ocrx_word' id='word_1_160' title='bbox 459 2263 571 2359; x_wconf 72' lang='lat' dir='ltr'><strong>napis</strong></span> <span class='ocrx_word' id='word_1_161' title='bbox 595 2287 700 2360; x_wconf 83' lang='lat' dir='ltr'><strong>quasa</strong></span> <span class='ocrx_word' id='word_1_162' title='bbox 724 2285 848 2359; x_wconf 76' lang='lat' dir='ltr'><strong>praees</strong></span> <span class='ocrx_word' id='word_1_163' title='bbox 871 2258 1099 2331; x_wconf 79' lang='lat' dir='ltr'><strong>sententiolas</strong></span> <span class='ocrx_word' id='word_1_164' title='bbox 1123 2270 1315 2358; x_wconf 70' lang='lat' dir='ltr'><strong>qusesm,</strong></span> <span class='ocrx_word' id='word_1_165' title='bbox 1347 2255 1567 2342; x_wconf 68' lang='grc' dir='ltr'><strong>ἀντιθέσεις</strong></span> <span class='ocrx_word' id='word_1_166' title='bbox 1596 2273 1759 2359; x_wconf 75' lang='lat' dir='ltr'><strong>captent,</strong></span> <span class='ocrx_word' id='word_1_167' title='bbox 1794 2272 1829 2333; x_wconf 91' lang='lat' dir='ltr'><strong>et</strong></span> <span class='ocrx_word' id='word_1_168' title='bbox 1858 2283 1948 2358; x_wconf 82' lang='lat' dir='ltr'><strong>quae</strong></span> 
     </span>
     <span class='ocr_line' id='line_1_16' title="bbox 258 2384 1948 2486; baseline -0.002 -27"><span class='ocrx_word' id='word_1_169' title='bbox 258 2397 341 2459; x_wconf 83' lang='lat' dir='ltr'><strong>ssust</strong></span> <span class='ocrx_word' id='word_1_170' title='bbox 366 2388 541 2484; x_wconf 61' lang='lat' dir='ltr'><strong>ennodi</strong></span> <span class='ocrx_word' id='word_1_171' title='bbox 568 2386 665 2478; x_wconf 80' lang='lat' dir='ltr'><strong>elia,</strong></span> <span class='ocrx_word' id='word_1_172' title='bbox 703 2411 794 2485; x_wconf 79' lang='lat' dir='ltr'><strong>qaae</strong></span> <span class='ocrx_word' id='word_1_173' title='bbox 816 2384 973 2457; x_wconf 80' lang='lat' dir='ltr'><strong>Senecae</strong></span> <span class='ocrx_word' id='word_1_174' title='bbox 1000 2385 1119 2480; x_wconf 81' lang='lat' dir='ltr'><strong>potins</strong></span> <span class='ocrx_word' id='word_1_175' title='bbox 1142 2397 1207 2457; x_wconf 85' lang='lat' dir='ltr'><strong>esst</strong></span> <span class='ocrx_word' id='word_1_176' title='bbox 1236 2386 1362 2458; x_wconf 83' lang='lat' dir='ltr'><strong>Tacito</strong></span> <span class='ocrx_word' id='word_1_177' title='bbox 1388 2412 1494 2486; x_wconf 81' lang='lat' dir='ltr'><strong>quern</strong></span> <span class='ocrx_word' id='word_1_178' title='bbox 1521 2385 1689 2461; x_wconf 75' lang='lat' dir='ltr'><strong>Ciceroni</strong></span> <span class='ocrx_word' id='word_1_179' title='bbox 1715 2386 1948 2461; x_wconf 68' lang='lat' dir='ltr'><strong>converiunt?</strong></span> 
     </span>
     <span class='ocr_line' id='line_1_17' title="bbox 260 2511 1947 2612; baseline -0.001 -25"><span class='ocrx_word' id='word_1_180' title='bbox 260 2513 370 2587; x_wconf 80' lang='lat' dir='ltr'><strong>Mitto</strong></span> <span class='ocrx_word' id='word_1_181' title='bbox 396 2512 492 2609; x_wconf 88' lang='lat' dir='ltr'><strong>quod</strong></span> <span class='ocrx_word' id='word_1_182' title='bbox 516 2511 591 2609; x_wconf 81' lang='lat' dir='ltr'><strong>jans</strong></span> <span class='ocrx_word' id='word_1_183' title='bbox 612 2515 774 2610; x_wconf 88' lang='lat' dir='ltr'><strong>superius</strong></span> <span class='ocrx_word' id='word_1_184' title='bbox 799 2512 1018 2612; x_wconf 80' lang='lat' dir='ltr'><strong>significavi,</strong></span> <span class='ocrx_word' id='word_1_185' title='bbox 1049 2513 1081 2582; x_wconf 89' lang='lat' dir='ltr'><strong>si</strong></span> <span class='ocrx_word' id='word_1_186' title='bbox 1108 2511 1195 2609; x_wconf 92' lang='lat' dir='ltr'><strong>quid</strong></span> <span class='ocrx_word' id='word_1_187' title='bbox 1216 2511 1341 2584; x_wconf 88' lang='lat' dir='ltr'><strong>barum</strong></span> <span class='ocrx_word' id='word_1_188' title='bbox 1366 2516 1648 2588; x_wconf 69' lang='lat' dir='ltr'><strong>criminationum</strong></span> <span class='ocrx_word' id='word_1_189' title='bbox 1672 2515 1788 2587; x_wconf 89' lang='lat' dir='ltr'><strong>locum</strong></span> <span class='ocrx_word' id='word_1_190' title='bbox 1809 2513 1947 2604; x_wconf 86' lang='lat' dir='ltr'><strong>babeat,</strong></span> 
     </span>
     <span class='ocr_line' id='line_1_18' title="bbox 260 2638 1946 2737; baseline -0.001 -26"><span class='ocrx_word' id='word_1_191' title='bbox 260 2642 298 2711; x_wconf 94' lang='lat' dir='ltr'><strong>in</strong></span> <span class='ocrx_word' id='word_1_192' title='bbox 319 2651 493 2712; x_wconf 83' lang='lat' dir='ltr'><strong>extremas</strong></span> <span class='ocrx_word' id='word_1_193' title='bbox 518 2649 654 2712; x_wconf 75' lang='lat' dir='ltr'><strong>uncum</strong></span> <span class='ocrx_word' id='word_1_194' title='bbox 674 2640 841 2736; x_wconf 87' lang='lat' dir='ltr'><strong>epistolas</strong></span> <span class='ocrx_word' id='word_1_195' title='bbox 863 2638 1007 2730; x_wconf 72' lang='lat' dir='ltr'><strong>eadem,</strong></span> <span class='ocrx_word' id='word_1_196' title='bbox 1038 2638 1239 2736; x_wconf 89' lang='lat' dir='ltr'><strong>aplurimis</strong></span> <span class='ocrx_word' id='word_1_197' title='bbox 1258 2653 1375 2713; x_wconf 86' lang='lat' dir='ltr'><strong>autem</strong></span> <span class='ocrx_word' id='word_1_198' title='bbox 1396 2667 1542 2737; x_wconf 87' lang='lat' dir='ltr'><strong>prorsus</strong></span> <span class='ocrx_word' id='word_1_199' title='bbox 1563 2643 1714 2715; x_wconf 81' lang='lat' dir='ltr'><strong>alienum</strong></span> <span class='ocrx_word' id='word_1_200' title='bbox 1735 2667 1832 2730; x_wconf 85' lang='lat' dir='ltr'><strong>esse,</strong></span> <span class='ocrx_word' id='word_1_201' title='bbox 1857 2663 1946 2734; x_wconf 88' lang='lat' dir='ltr'><strong>quae</strong></span> 
     </span>
     <span class='ocr_line' id='line_1_19' title="bbox 258 2763 1947 2863; baseline -0.001 -26"><span class='ocrx_word' id='word_1_202' title='bbox 258 2763 481 2862; x_wconf 87' lang='lat' dir='ltr'><strong>jejunissima</strong></span> <span class='ocrx_word' id='word_1_203' title='bbox 513 2768 673 2837; x_wconf 87' lang='lat' dir='ltr'><strong>oratione</strong></span> <span class='ocrx_word' id='word_1_204' title='bbox 703 2765 749 2835; x_wconf 84' lang='lat' dir='ltr'><strong>ad</strong></span> <span class='ocrx_word' id='word_1_205' title='bbox 779 2777 1000 2862; x_wconf 70' lang='lat' dir='ltr'><strong>praesentem</strong></span> <span class='ocrx_word' id='word_1_206' title='bbox 1031 2765 1137 2836; x_wconf 91' lang='lat' dir='ltr'><strong>modo</strong></span> <span class='ocrx_word' id='word_1_207' title='bbox 1168 2791 1272 2837; x_wconf 89' lang='lat' dir='ltr'><strong>usum</strong></span> <span class='ocrx_word' id='word_1_208' title='bbox 1303 2767 1522 2863; x_wconf 80' lang='lat' dir='ltr'><strong>diriguntur3</strong></span> <span class='ocrx_word' id='word_1_209' title='bbox 1558 2766 1623 2839; x_wconf 91' lang='lat' dir='ltr'><strong>sed</strong></span> <span class='ocrx_word' id='word_1_210' title='bbox 1652 2767 1795 2837; x_wconf 87' lang='lat' dir='ltr'><strong>omnino</strong></span> <span class='ocrx_word' id='word_1_211' title='bbox 1826 2766 1947 2837; x_wconf 91' lang='lat' dir='ltr'><strong>nescio</strong></span> 
     </span>
     <span class='ocr_line' id='line_1_20' title="bbox 262 2880 1948 2990; baseline 0.002 -29"><span class='ocrx_word' id='word_1_212' title='bbox 262 2891 440 2988; x_wconf 85' lang='lat' dir='ltr'><strong>quomodo</strong></span> <span class='ocrx_word' id='word_1_213' title='bbox 466 2916 530 2962; x_wconf 88' lang='lat' dir='ltr'><strong>sua</strong></span> <span class='ocrx_word' id='word_1_214' title='bbox 552 2892 628 2986; x_wconf 89' lang='lat' dir='ltr'><strong>ipse</strong></span> <span class='ocrx_word' id='word_1_215' title='bbox 648 2880 766 2964; x_wconf 78' lang='lat' dir='ltr'><strong>vineta</strong></span> <span class='ocrx_word' id='word_1_216' title='bbox 784 2893 973 2989; x_wconf 75' lang='lat' dir='ltr'><strong>Zumptius</strong></span> <span class='ocrx_word' id='word_1_217' title='bbox 995 2891 1141 2987; x_wconf 69' lang='lat' dir='ltr'><strong>cedde,</strong></span> <span class='ocrx_word' id='word_1_218' title='bbox 1170 2894 1233 2990; x_wconf 92' lang='lat' dir='ltr'><strong>qui</strong></span> <span class='ocrx_word' id='word_1_219' title='bbox 1256 2892 1408 2989; x_wconf 87' lang='lat' dir='ltr'><strong>primum</strong></span> <span class='ocrx_word' id='word_1_220' title='bbox 1432 2890 1593 2990; x_wconf 87' lang='lat' dir='ltr'><strong>quidem,</strong></span> <span class='ocrx_word' id='word_1_221' title='bbox 1621 2916 1666 2965; x_wconf 90' lang='lat' dir='ltr'><strong>ne</strong></span> <span class='ocrx_word' id='word_1_222' title='bbox 1688 2891 1826 2964; x_wconf 83' lang='lat' dir='ltr'><strong>scilieet</strong></span> <span class='ocrx_word' id='word_1_223' title='bbox 1849 2891 1948 2964; x_wconf 81' lang='lat' dir='ltr'><strong>fami·</strong></span> 
     </span>
    </p>
   </div>
   <div class='ocr_carea' id='block_1_2' title="bbox 261 3016 1947 3497">
    <p class='ocr_par' dir='ltr' id='par_1_2' title="bbox 261 3016 1947 3497">
     <span class='ocr_line' id='line_1_21' title="bbox 261 3016 1945 3118; baseline 0.002 -31"><span class='ocrx_word' id='word_1_224' title='bbox 261 3016 358 3088; x_wconf 89' lang='lat' dir='ltr'><strong>liaris</strong></span> <span class='ocrx_word' id='word_1_225' title='bbox 379 3016 615 3115; x_wconf 80' lang='lat' dir='ltr'><strong>negligentiae</strong></span> <span class='ocrx_word' id='word_1_226' title='bbox 635 3021 898 3092; x_wconf 82' lang='lat' dir='ltr'><strong>excusationem</strong></span> <span class='ocrx_word' id='word_1_227' title='bbox 918 3019 1112 3118; x_wconf 84' lang='lat' dir='ltr'><strong>relinquat,</strong></span> <span class='ocrx_word' id='word_1_228' title='bbox 1144 3018 1210 3089; x_wconf 81' lang='lat' dir='ltr'><strong>lsas</strong></span> <span class='ocrx_word' id='word_1_229' title='bbox 1232 3018 1398 3114; x_wconf 84' lang='lat' dir='ltr'><strong>eps&#39;stoles</strong></span> <span class='ocrx_word' id='word_1_230' title='bbox 1421 3043 1556 3090; x_wconf 84' lang='lat' dir='ltr'><strong>summa</strong></span> <span class='ocrx_word' id='word_1_231' title='bbox 1580 3043 1667 3091; x_wconf 73' lang='lat' dir='ltr'><strong>mssa</strong></span> <span class='ocrx_word' id='word_1_232' title='bbox 1695 3030 1730 3090; x_wconf 89' lang='lat' dir='ltr'><strong>et</strong></span> <span class='ocrx_word' id='word_1_233' title='bbox 1755 3018 1945 3118; x_wconf 79' lang='lat' dir='ltr'><strong>elegantia,</strong></span> 
     </span>
     <span class='ocr_line' id='line_1_22' title="bbox 263 3142 1947 3245; baseline 0.002 -31"><span class='ocrx_word' id='word_1_234' title='bbox 263 3154 358 3216; x_wconf 88' lang='lat' dir='ltr'><strong>certe</strong></span> <span class='ocrx_word' id='word_1_235' title='bbox 390 3168 480 3241; x_wconf 81' lang='lat' dir='ltr'><strong>quoe</strong></span> <span class='ocrx_word' id='word_1_236' title='bbox 511 3145 686 3234; x_wconf 69' lang='lat' dir='ltr'><strong>videatw,</strong></span> <span class='ocrx_word' id='word_1_237' title='bbox 720 3142 920 3217; x_wconf 84' lang='lat' dir='ltr'><strong>elaboratas</strong></span> <span class='ocrx_word' id='word_1_238' title='bbox 949 3170 1024 3218; x_wconf 89' lang='lat' dir='ltr'><strong>esse</strong></span> <span class='ocrx_word' id='word_1_239' title='bbox 1050 3171 1117 3244; x_wconf 91' lang='lat' dir='ltr'><strong>pro</strong></span> <span class='ocrx_word' id='word_1_240' title='bbox 1143 3143 1289 3217; x_wconf 89' lang='lat' dir='ltr'><strong>arbitrio</strong></span> <span class='ocrx_word' id='word_1_241' title='bbox 1313 3145 1505 3245; x_wconf 66' lang='lat' dir='ltr'><strong>ponit15),</strong></span> <span class='ocrx_word' id='word_1_242' title='bbox 1542 3145 1667 3219; x_wconf 90' lang='lat' dir='ltr'><strong>deinde</strong></span> <span class='ocrx_word' id='word_1_243' title='bbox 1692 3171 1776 3217; x_wconf 82' lang='lat' dir='ltr'><strong>vero</strong></span> <span class='ocrx_word' id='word_1_244' title='bbox 1807 3146 1947 3218; x_wconf 87' lang='lat' dir='ltr'><strong>easdem</strong></span> 
     </span>
     <span class='ocr_line' id='line_1_23' title="bbox 263 3270 1947 3370; baseline 0.002 -29"><span class='ocrx_word' id='word_1_245' title='bbox 263 3270 360 3342; x_wconf 88' lang='lat' dir='ltr'><strong>nullo</strong></span> <span class='ocrx_word' id='word_1_246' title='bbox 394 3272 555 3368; x_wconf 69' lang='lat' dir='ltr'><strong>grovim</strong></span> <span class='ocrx_word' id='word_1_247' title='bbox 588 3271 734 3341; x_wconf 90' lang='lat' dir='ltr'><strong>erimine</strong></span> <span class='ocrx_word' id='word_1_248' title='bbox 766 3271 1008 3369; x_wconf 85' lang='lat' dir='ltr'><strong>persequitur,</strong></span> <span class='ocrx_word' id='word_1_249' title='bbox 1041 3297 1145 3369; x_wconf 87' lang='lat' dir='ltr'><strong>quam</strong></span> <span class='ocrx_word' id='word_1_250' title='bbox 1173 3284 1213 3343; x_wconf 87' lang='lat' dir='ltr'><strong>ut</strong></span> <span class='ocrx_word' id='word_1_251' title='bbox 1241 3271 1409 3370; x_wconf 86' lang='lat' dir='ltr'><strong>pleraque</strong></span> <span class='ocrx_word' id='word_1_252' title='bbox 1434 3270 1603 3364; x_wconf 87' lang='lat' dir='ltr'><strong>obscure,</strong></span> <span class='ocrx_word' id='word_1_253' title='bbox 1639 3272 1806 3364; x_wconf 79' lang='lat' dir='ltr'><strong>confuse,</strong></span> <span class='ocrx_word' id='word_1_254' title='bbox 1838 3271 1947 3368; x_wconf 84' lang='lat' dir='ltr'><strong>negli-</strong></span> 
     </span>
     <span class='ocr_line' id='line_1_24' title="bbox 262 3394 1945 3497; baseline 0 -29"><span class='ocrx_word' id='word_1_255' title='bbox 262 3409 405 3495; x_wconf 88' lang='lat' dir='ltr'><strong>genter,</strong></span> <span class='ocrx_word' id='word_1_256' title='bbox 437 3395 543 3491; x_wconf 91' lang='lat' dir='ltr'><strong>dure,</strong></span> <span class='ocrx_word' id='word_1_257' title='bbox 577 3396 717 3469; x_wconf 87' lang='lat' dir='ltr'><strong>soloece</strong></span> <span class='ocrx_word' id='word_1_258' title='bbox 743 3394 839 3470; x_wconf 82' lang='lat' dir='ltr'><strong>dicta</strong></span> <span class='ocrx_word' id='word_1_259' title='bbox 863 3423 942 3471; x_wconf 90' lang='lat' dir='ltr'><strong>esse</strong></span> <span class='ocrx_word' id='word_1_260' title='bbox 973 3410 1119 3495; x_wconf 85' lang='lat' dir='ltr'><strong>arguat,</strong></span> <span class='ocrx_word' id='word_1_261' title='bbox 1157 3396 1390 3497; x_wconf 90' lang='lat' dir='ltr'><strong>omnibusque</strong></span> <span class='ocrx_word' id='word_1_262' title='bbox 1420 3402 1464 3471; x_wconf 90' lang='lat' dir='ltr'><strong>iis</strong></span> <span class='ocrx_word' id='word_1_263' title='bbox 1489 3402 1584 3472; x_wconf 74' lang='lat' dir='ltr'><strong>vitiis</strong></span> <span class='ocrx_word' id='word_1_264' title='bbox 1618 3400 1787 3490; x_wconf 87' lang='lat' dir='ltr'><strong>cumulet,</strong></span> <span class='ocrx_word' id='word_1_265' title='bbox 1819 3397 1945 3496; x_wconf 88' lang='lat' dir='ltr'><strong>quibus</strong></span> 
     </span>
    </p>
   </div>
   <div class='ocr_carea' id='block_1_3' title="bbox 261 3624 1964 4760">
    <p class='ocr_par' dir='ltr' id='par_1_3' title="bbox 261 3624 1945 3791">
     <span class='ocr_line' id='line_1_25' title="bbox 261 3624 1945 3698; baseline 0.003 -23"><span class='ocrx_word' id='word_1_266' title='bbox 261 3626 348 3692; x_wconf 77' lang='lat' dir='ltr'><strong>Atque</strong></span> <span class='ocrx_word' id='word_1_267' title='bbox 372 3624 424 3677; x_wconf 89' lang='lat' dir='ltr'><strong>boo</strong></span> <span class='ocrx_word' id='word_1_268' title='bbox 447 3627 480 3677; x_wconf 79' lang='lat' dir='ltr'><strong>cle</strong></span> <span class='ocrx_word' id='word_1_269' title='bbox 505 3625 595 3689; x_wconf 87' lang='lat' dir='ltr'><strong>libro,</strong></span> <span class='ocrx_word' id='word_1_270' title='bbox 620 3628 649 3684; x_wconf 83' lang='lat' dir='ltr'><strong>iu</strong></span> <span class='ocrx_word' id='word_1_271' title='bbox 670 3643 724 3696; x_wconf 87' lang='lat' dir='ltr'><strong>quo</strong></span> <span class='ocrx_word' id='word_1_272' title='bbox 748 3626 925 3696; x_wconf 83' lang='lat' dir='ltr'><strong>perpolicudo</strong></span> <span class='ocrx_word' id='word_1_273' title='bbox 948 3627 1093 3695; x_wconf 81' lang='lat' dir='ltr'><strong>plurimum</strong></span> <span class='ocrx_word' id='word_1_274' title='bbox 1111 3642 1209 3694; x_wconf 88' lang='lat' dir='ltr'><strong>operae</strong></span> <span class='ocrx_word' id='word_1_275' title='bbox 1231 3630 1338 3696; x_wconf 82' lang='lat' dir='ltr'><strong>posuit;</strong></span> <span class='ocrx_word' id='word_1_276' title='bbox 1364 3630 1392 3680; x_wconf 88' lang='lat' dir='ltr'><strong>iu</strong></span> <span class='ocrx_word' id='word_1_277' title='bbox 1413 3631 1545 3698; x_wconf 87' lang='lat' dir='ltr'><strong>epistola,</strong></span> <span class='ocrx_word' id='word_1_278' title='bbox 1571 3645 1652 3696; x_wconf 86' lang='lat' dir='ltr'><strong>quara</strong></span> <span class='ocrx_word' id='word_1_279' title='bbox 1671 3642 1702 3678; x_wconf 82' lang='lat' dir='ltr'><strong>ea</strong></span> <span class='ocrx_word' id='word_1_280' title='bbox 1719 3633 1840 3696; x_wconf 77' lang='lat' dir='ltr'><strong>tempore</strong></span> <span class='ocrx_word' id='word_1_281' title='bbox 1863 3629 1945 3687; x_wconf 77' lang='lat' dir='ltr'><strong>ludit,</strong></span> 
     </span>
     <span class='ocr_line' id='line_1_26' title="bbox 263 3720 1104 3791; baseline 0.001 -20"><span class='ocrx_word' id='word_1_282' title='bbox 263 3737 326 3772; x_wconf 83' lang='lat' dir='ltr'><strong>uum</strong></span> <span class='ocrx_word' id='word_1_283' title='bbox 344 3721 424 3773; x_wconf 81' lang='lat' dir='ltr'><strong>verbs</strong></span> <span class='ocrx_word' id='word_1_284' title='bbox 443 3724 533 3774; x_wconf 75' lang='lat' dir='ltr'><strong>onnia</strong></span> <span class='ocrx_word' id='word_1_285' title='bbox 553 3731 652 3777; x_wconf 86' lang='lat' dir='ltr'><strong>statera</strong></span> <span class='ocrx_word' id='word_1_286' title='bbox 672 3725 777 3775; x_wconf 82' lang='lat' dir='ltr'><strong>suroris</strong></span> <span class='ocrx_word' id='word_1_287' title='bbox 795 3723 960 3791; x_wconf 82' lang='lat' dir='ltr'><strong>perpendere</strong></span> <span class='ocrx_word' id='word_1_288' title='bbox 979 3720 1104 3791; x_wconf 68' lang='lat' dir='ltr'><strong>poterut</strong></span> 
     </span>
    </p>

    <p class='ocr_par' dir='ltr' id='par_1_4' title="bbox 262 3814 1964 4760">
     <span class='ocr_line' id='line_1_27' title="bbox 333 3814 1946 3893; baseline 0.002 -24"><span class='ocrx_word' id='word_1_289' title='bbox 333 3819 377 3885; x_wconf 79' lang='lat'><strong>¹5)</strong></span> <span class='ocrx_word' id='word_1_290' title='bbox 397 3818 441 3869; x_wconf 82' lang='lat' dir='ltr'><strong>Gi.</strong></span> <span class='ocrx_word' id='word_1_291' title='bbox 460 3819 533 3887; x_wconf 71' lang='lat' dir='ltr'><strong>pbr</strong></span> <span class='ocrx_word' id='word_1_292' title='bbox 558 3828 598 3870; x_wconf 86' lang='lat' dir='ltr'><strong>est</strong></span> <span class='ocrx_word' id='word_1_293' title='bbox 617 3821 685 3871; x_wconf 81' lang='lat' dir='ltr'><strong>enias</strong></span> <span class='ocrx_word' id='word_1_294' title='bbox 701 3821 842 3890; x_wconf 77' lang='lat' dir='ltr'><strong>propriora</strong></span> <span class='ocrx_word' id='word_1_295' title='bbox 863 3818 960 3869; x_wconf 68' lang='lat' dir='ltr'><strong>ma</strong></span> <span class='ocrx_word' id='word_1_296' title='bbox 975 3814 1181 3887; x_wconf 32' lang='lat' dir='ltr'><strong>reputatam,</strong></span> <span class='ocrx_word' id='word_1_297' title='bbox 1198 3832 1231 3874; x_wconf 83' lang='lat' dir='ltr'><strong>set</strong></span> <span class='ocrx_word' id='word_1_298' title='bbox 1245 3822 1307 3892; x_wconf 68' lang='lat' dir='ltr'><strong>fieri</strong></span> <span class='ocrx_word' id='word_1_299' title='bbox 1328 3839 1432 3876; x_wconf 70' lang='lat' dir='ltr'><strong>neusse</strong></span> <span class='ocrx_word' id='word_1_300' title='bbox 1451 3831 1528 3881; x_wconf 77' lang='lat' dir='ltr'><strong>eset,</strong></span> <span class='ocrx_word' id='word_1_301' title='bbox 1554 3840 1637 3893; x_wconf 75' lang='lat' dir='ltr'><strong>guars</strong></span> <span class='ocrx_word' id='word_1_302' title='bbox 1656 3822 1946 3872; x_wconf 50' lang='lat' dir='ltr'><strong>renotationis‘eaaoa</strong></span> 
     </span>
     <span class='ocr_line' id='line_1_28' title="bbox 263 3915 1946 3987; baseline 0.001 -21"><span class='ocrx_word' id='word_1_303' title='bbox 263 3935 280 3966; x_wconf 86' lang='lat' dir='ltr'><strong>a</strong></span> <span class='ocrx_word' id='word_1_304' title='bbox 298 3915 476 3968; x_wconf 68' lang='lat' dir='ltr'><strong>declamatore</strong></span> <span class='ocrx_word' id='word_1_305' title='bbox 493 3916 680 3973; x_wconf 71' lang='lat' dir='ltr'><strong>scriberentur.</strong></span> <span class='ocrx_word' id='word_1_306' title='bbox 706 3923 737 3966; x_wconf 79' lang='lat' dir='ltr'><strong>at</strong></span> <span class='ocrx_word' id='word_1_307' title='bbox 754 3917 784 3966; x_wconf 88' lang='lat' dir='ltr'><strong>in</strong></span> <span class='ocrx_word' id='word_1_308' title='bbox 800 3916 897 3984; x_wconf 71' lang='lat' dir='ltr'><strong>paneis</strong></span> <span class='ocrx_word' id='word_1_309' title='bbox 913 3915 972 3985; x_wconf 72' lang='lat' dir='ltr'><strong>sese</strong></span> <span class='ocrx_word' id='word_1_310' title='bbox 988 3917 1128 3976; x_wconf 68' lang='lat' dir='ltr'><strong>sententiis</strong></span> <span class='ocrx_word' id='word_1_311' title='bbox 1144 3934 1177 3970; x_wconf 87' lang='lat' dir='ltr'><strong>ao</strong></span> <span class='ocrx_word' id='word_1_312' title='bbox 1194 3918 1273 3970; x_wconf 74' lang='lat' dir='ltr'><strong>redas</strong></span> <span class='ocrx_word' id='word_1_313' title='bbox 1290 3928 1439 3978; x_wconf 63' lang='lat' dir='ltr'><strong>emantur,</strong></span> <span class='ocrx_word' id='word_1_314' title='bbox 1463 3935 1534 3987; x_wconf 74' lang='lat' dir='ltr'><strong>qaae</strong></span> <span class='ocrx_word' id='word_1_315' title='bbox 1549 3919 1629 3969; x_wconf 72' lang='lat' dir='ltr'><strong>urie</strong></span> <span class='ocrx_word' id='word_1_316' title='bbox 1645 3918 1751 3971; x_wconf 83' lang='lat' dir='ltr'><strong>ratisae</strong></span> <span class='ocrx_word' id='word_1_317' title='bbox 1771 3918 1946 3969; x_wconf 76' lang='lat' dir='ltr'><strong>illustraatsu</strong></span> 
     </span>
     <span class='ocr_line' id='line_1_29' title="bbox 262 4001 1964 4083; baseline 0.001 -20"><span class='ocrx_word' id='word_1_318' title='bbox 262 4021 289 4063; x_wconf 87' lang='lat' dir='ltr'><strong>et</strong></span> <span class='ocrx_word' id='word_1_319' title='bbox 313 4012 529 4083; x_wconf 70' lang='lat' dir='ltr'><strong>amplificantur,</strong></span> <span class='ocrx_word' id='word_1_320' title='bbox 555 4018 714 4081; x_wconf 77' lang='lat' dir='ltr'><strong>praeterque</strong></span> <span class='ocrx_word' id='word_1_321' title='bbox 737 4029 766 4080; x_wconf 89' lang='lat' dir='ltr'><strong>p.</strong></span> <span class='ocrx_word' id='word_1_322' title='bbox 784 4010 815 4063; x_wconf 81' lang='lat'><strong>12</strong></span> <span class='ocrx_word' id='word_1_323' title='bbox 832 4021 859 4064; x_wconf 89' lang='lat' dir='ltr'><strong>et</strong></span> <span class='ocrx_word' id='word_1_324' title='bbox 879 4011 911 4063; x_wconf 83' lang='lat'><strong>18</strong></span> <span class='ocrx_word' id='word_1_325' title='bbox 936 4013 1068 4082; x_wconf 78' lang='lat' dir='ltr'><strong>imprimis</strong></span> <span class='ocrx_word' id='word_1_326' title='bbox 1091 4001 1288 4083; x_wconf 55' lang='lat' dir='ltr'><strong>strepeti</strong></span> <span class='ocrx_word' id='word_1_327' title='bbox 1315 4023 1347 4066; x_wconf 86' lang='lat' dir='ltr'><strong>at</strong></span> <span class='ocrx_word' id='word_1_328' title='bbox 1368 4014 1574 4066; x_wconf 68' lang='lat' dir='ltr'><strong>deehutsrsas</strong></span> <span class='ocrx_word' id='word_1_329' title='bbox 1596 4030 1663 4065; x_wconf 82' lang='lat' dir='ltr'><strong>sane</strong></span> <span class='ocrx_word' id='word_1_330' title='bbox 1683 4014 1750 4066; x_wconf 72' lang='lat' dir='ltr'><strong>base</strong></span> <span class='ocrx_word' id='word_1_331' title='bbox 1773 4015 1881 4072; x_wconf 78' lang='lat' dir='ltr'><strong>deceat.</strong></span> <span class='ocrx_word' id='word_1_332' title='bbox 1910 4014 1964 4065; x_wconf 85' lang='lat' dir='ltr'><strong>ad·</strong></span> 
     </span>
     <span class='ocr_line' id='line_1_30' title="bbox 264 4106 1946 4181; baseline -0.001 -19"><span class='ocrx_word' id='word_1_333' title='bbox 264 4111 443 4181; x_wconf 69' lang='lat' dir='ltr'><strong>eloquentiane</strong></span> <span class='ocrx_word' id='word_1_334' title='bbox 460 4106 649 4162; x_wconf 66' lang='lat' dir='ltr'><strong>“tendendam</strong></span> <span class='ocrx_word' id='word_1_335' title='bbox 671 4117 698 4159; x_wconf 90' lang='lat' dir='ltr'><strong>et</strong></span> <span class='ocrx_word' id='word_1_336' title='bbox 719 4110 812 4160; x_wconf 73' lang='lat' dir='ltr'><strong>inanes</strong></span> <span class='ocrx_word' id='word_1_337' title='bbox 829 4109 962 4180; x_wconf 77' lang='lat' dir='ltr'><strong>paasdasa</strong></span> <span class='ocrx_word' id='word_1_338' title='bbox 976 4111 1117 4162; x_wconf 63' lang='lat' dir='ltr'><strong>momen</strong></span> <span class='ocrx_word' id='word_1_339' title='bbox 1133 4109 1269 4178; x_wconf 65' lang='lat' dir='ltr'><strong>fomur</strong></span> <span class='ocrx_word' id='word_1_340' title='bbox 1287 4110 1422 4181; x_wconf 65' lang='lat' dir='ltr'><strong>elegam</strong></span> <span class='ocrx_word' id='word_1_341' title='bbox 1441 4111 1634 4180; x_wconf 58' lang='lat' dir='ltr'><strong>annuntias</strong></span> <span class='ocrx_word' id='word_1_342' title='bbox 1651 4113 1807 4180; x_wconf 61' lang='lat' dir='ltr'><strong>aptissimas</strong></span> <span class='ocrx_word' id='word_1_343' title='bbox 1832 4117 1946 4179; x_wconf 86' lang='lat' dir='ltr'><strong>atquae</strong></span> 
     </span>
     <span class='ocr_line' id='line_1_31' title="bbox 262 4204 1946 4278; baseline 0.002 -22"><span class='ocrx_word' id='word_1_344' title='bbox 262 4222 318 4258; x_wconf 87' lang='lat' dir='ltr'><strong>nou</strong></span> <span class='ocrx_word' id='word_1_345' title='bbox 336 4207 424 4258; x_wconf 78' lang='lat' dir='ltr'><strong>dicam</strong></span> <span class='ocrx_word' id='word_1_346' title='bbox 443 4207 614 4276; x_wconf 75' lang='lat' dir='ltr'><strong>eloquentia,</strong></span> <span class='ocrx_word' id='word_1_347' title='bbox 639 4208 688 4258; x_wconf 81' lang='lat' dir='ltr'><strong>sed</strong></span> <span class='ocrx_word' id='word_1_348' title='bbox 705 4207 853 4258; x_wconf 85' lang='lat' dir='ltr'><strong>illustratio</strong></span> <span class='ocrx_word' id='word_1_349' title='bbox 870 4206 915 4257; x_wconf 81' lang='lat' dir='ltr'><strong>vel</strong></span> <span class='ocrx_word' id='word_1_350' title='bbox 935 4205 1111 4274; x_wconf 69' lang='lat' dir='ltr'><strong>amplificatio</strong></span> <span class='ocrx_word' id='word_1_351' title='bbox 1128 4204 1217 4255; x_wconf 80' lang='lat' dir='ltr'><strong>inesse</strong></span> <span class='ocrx_word' id='word_1_352' title='bbox 1238 4212 1329 4273; x_wconf 86' lang='lat' dir='ltr'><strong>potest</strong></span> <span class='ocrx_word' id='word_1_353' title='bbox 1350 4208 1380 4258; x_wconf 87' lang='lat' dir='ltr'><strong>ia</strong></span> <span class='ocrx_word' id='word_1_354' title='bbox 1400 4215 1479 4258; x_wconf 80' lang='lat' dir='ltr'><strong>teate</strong></span> <span class='ocrx_word' id='word_1_355' title='bbox 1494 4207 1661 4259; x_wconf 83' lang='lat' dir='ltr'><strong>-slssaritste</strong></span> <span class='ocrx_word' id='word_1_356' title='bbox 1680 4215 1707 4259; x_wconf 86' lang='lat' dir='ltr'><strong>et</strong></span> <span class='ocrx_word' id='word_1_357' title='bbox 1724 4207 1865 4278; x_wconf 69' lang='lat' dir='ltr'><strong>cogitandi</strong></span> <span class='ocrx_word' id='word_1_358' title='bbox 1883 4225 1946 4260; x_wconf 82' lang='lat' dir='ltr'><strong>eea·</strong></span> 
     </span>
     <span class='ocr_line' id='line_1_32' title="bbox 262 4301 1948 4374; baseline -0.001 -19"><span class='ocrx_word' id='word_1_359' title='bbox 262 4302 370 4371; x_wconf 70' lang='lat' dir='ltr'><strong>[mose</strong></span> <span class='ocrx_word' id='word_1_360' title='bbox 393 4302 508 4372; x_wconf 68' lang='lat' dir='ltr'><strong>(pat).</strong></span> <span class='ocrx_word' id='word_1_361' title='bbox 532 4304 581 4355; x_wconf 84' lang='lat' dir='ltr'><strong>ubi</strong></span> <span class='ocrx_word' id='word_1_362' title='bbox 598 4301 697 4372; x_wconf 64' lang='lat' dir='ltr'><strong>(pto)</strong></span> <span class='ocrx_word' id='word_1_363' title='bbox 715 4301 851 4374; x_wconf 58' lang='lat' dir='ltr'><strong>ssossq‘aas</strong></span> <span class='ocrx_word' id='word_1_364' title='bbox 869 4304 1002 4354; x_wconf 79' lang='lat' dir='ltr'><strong>erationis</strong></span> <span class='ocrx_word' id='word_1_365' title='bbox 1023 4301 1161 4373; x_wconf 68' lang='lat' dir='ltr'><strong>elegantia</strong></span> <span class='ocrx_word' id='word_1_366' title='bbox 1184 4309 1245 4352; x_wconf 81' lang='lat' dir='ltr'><strong>sat.</strong></span> <span class='ocrx_word' id='word_1_367' title='bbox 1256 4305 1438 4371; x_wconf 74' lang='lat' dir='ltr'><strong>proprietas„</strong></span> <span class='ocrx_word' id='word_1_368' title='bbox 1451 4302 1499 4354; x_wconf 83' lang='lat' dir='ltr'><strong>sed</strong></span> <span class='ocrx_word' id='word_1_369' title='bbox 1521 4302 1552 4353; x_wconf 83' lang='lat' dir='ltr'><strong>id</strong></span> <span class='ocrx_word' id='word_1_370' title='bbox 1573 4304 1649 4372; x_wconf 71' lang='lat' dir='ltr'><strong>qaod</strong></span> <span class='ocrx_word' id='word_1_371' title='bbox 1671 4303 1751 4374; x_wconf 78' lang='lat' dir='ltr'><strong>laage</strong></span> <span class='ocrx_word' id='word_1_372' title='bbox 1774 4305 1886 4374; x_wconf 69' lang='lat' dir='ltr'><strong>,casias</strong></span> <span class='ocrx_word' id='word_1_373' title='bbox 1908 4312 1948 4354; x_wconf 86' lang='lat' dir='ltr'><strong>est</strong></span> 
     </span>
     <span class='ocr_line' id='line_1_33' title="bbox 264 4397 1946 4469; baseline 0.001 -20"><span class='ocrx_word' id='word_1_374' title='bbox 264 4397 405 4469; x_wconf 78' lang='lat' dir='ltr'><strong>cogitandi</strong></span> <span class='ocrx_word' id='word_1_375' title='bbox 421 4397 493 4469; x_wconf 77' lang='lat' dir='ltr'><strong>leges</strong></span> <span class='ocrx_word' id='word_1_376' title='bbox 509 4400 663 4451; x_wconf 74' lang='lat' dir='ltr'><strong>violentae?</strong></span> <span class='ocrx_word' id='word_1_377' title='bbox 696 4400 824 4451; x_wconf 79' lang='lat' dir='ltr'><strong>Telemus</strong></span> <span class='ocrx_word' id='word_1_378' title='bbox 841 4398 1047 4452; x_wconf 78' lang='lat' dir='ltr'><strong>bomueioaeur</strong></span> <span class='ocrx_word' id='word_1_379' title='bbox 1062 4398 1168 4451; x_wconf 65' lang='lat' dir='ltr'><strong>efficere</strong></span> <span class='ocrx_word' id='word_1_380' title='bbox 1188 4400 1326 4467; x_wconf 73' lang='lat' dir='ltr'><strong>potuisse,</strong></span> <span class='ocrx_word' id='word_1_381' title='bbox 1338 4406 1371 4450; x_wconf 86' lang='lat' dir='ltr'><strong>ut</strong></span> <span class='ocrx_word' id='word_1_382' title='bbox 1390 4416 1477 4467; x_wconf 78' lang='lat' dir='ltr'><strong>augre</strong></span> <span class='ocrx_word' id='word_1_383' title='bbox 1495 4417 1562 4452; x_wconf 85' lang='lat' dir='ltr'><strong>suae</strong></span> <span class='ocrx_word' id='word_1_384' title='bbox 1573 4400 1608 4451; x_wconf 82' lang='lat' dir='ltr'><strong>ab</strong></span> <span class='ocrx_word' id='word_1_385' title='bbox 1623 4401 1813 4452; x_wconf 76' lang='lat' dir='ltr'><strong>eruditissimis</strong></span> <span class='ocrx_word' id='word_1_386' title='bbox 1827 4400 1946 4451; x_wconf 69' lang='lat' dir='ltr'><strong>omniun</strong></span> 
     </span>
     <span class='ocr_line' id='line_1_34' title="bbox 264 4493 1946 4565; baseline -0.001 -17"><span class='ocrx_word' id='word_1_387' title='bbox 264 4496 431 4548; x_wconf 79' lang='lat' dir='ltr'><strong>saeculorum</strong></span> <span class='ocrx_word' id='word_1_388' title='bbox 450 4497 515 4547; x_wconf 75' lang='lat' dir='ltr'><strong>siria</strong></span> <span class='ocrx_word' id='word_1_389' title='bbox 531 4512 582 4564; x_wconf 85' lang='lat' dir='ltr'><strong>pro</strong></span> <span class='ocrx_word' id='word_1_390' title='bbox 596 4495 781 4547; x_wconf 74' lang='lat' dir='ltr'><strong>Ciceronianis</strong></span> <span class='ocrx_word' id='word_1_391' title='bbox 798 4497 953 4562; x_wconf 78' lang='lat' dir='ltr'><strong>legerentur</strong></span> <span class='ocrx_word' id='word_1_392' title='bbox 969 4493 1230 4564; x_wconf 78' lang='lat' dir='ltr'><strong>elegantissimisque</strong></span> <span class='ocrx_word' id='word_1_393' title='bbox 1248 4497 1424 4565; x_wconf 82' lang='lat' dir='ltr'><strong>epistolarum</strong></span> <span class='ocrx_word' id='word_1_394' title='bbox 1442 4497 1520 4548; x_wconf 83' lang='lat' dir='ltr'><strong>libris</strong></span> <span class='ocrx_word' id='word_1_395' title='bbox 1537 4513 1592 4548; x_wconf 82' lang='lat' dir='ltr'><strong>uon</strong></span> <span class='ocrx_word' id='word_1_396' title='bbox 1609 4504 1726 4549; x_wconf 70' lang='lat' dir='ltr'><strong>eruens</strong></span> <span class='ocrx_word' id='word_1_397' title='bbox 1740 4498 1832 4564; x_wconf 83' lang='lat' dir='ltr'><strong>aliqua</strong></span> <span class='ocrx_word' id='word_1_398' title='bbox 1848 4498 1946 4564; x_wconf 81' lang='lat' dir='ltr'><strong>pagina</strong></span> 
     </span>
     <span class='ocr_line' id='line_1_35' title="bbox 263 4591 1944 4662; baseline 0.001 -21"><span class='ocrx_word' id='word_1_399' title='bbox 263 4593 293 4643; x_wconf 87' lang='lat' dir='ltr'><strong>iu</strong></span> <span class='ocrx_word' id='word_1_400' title='bbox 312 4593 404 4660; x_wconf 82' lang='lat' dir='ltr'><strong>iugera</strong></span> <span class='ocrx_word' id='word_1_401' title='bbox 421 4594 499 4645; x_wconf 82' lang='lat' dir='ltr'><strong>vacui</strong></span> <span class='ocrx_word' id='word_1_402' title='bbox 517 4592 733 4645; x_wconf 84' lang='lat' dir='ltr'><strong>adscriberentur</strong></span> <span class='ocrx_word' id='word_1_403' title='bbox 755 4595 803 4645; x_wconf 85' lang='lat' dir='ltr'><strong>sed</strong></span> <span class='ocrx_word' id='word_1_404' title='bbox 819 4593 1048 4662; x_wconf 74' lang='lat' dir='ltr'><strong>praefigerentur,</strong></span> <span class='ocrx_word' id='word_1_405' title='bbox 1073 4600 1210 4662; x_wconf 71' lang='lat' dir='ltr'><strong>postrem</strong></span> <span class='ocrx_word' id='word_1_406' title='bbox 1227 4609 1261 4645; x_wconf 87' lang='lat' dir='ltr'><strong>ae</strong></span> <span class='ocrx_word' id='word_1_407' title='bbox 1279 4594 1351 4645; x_wconf 83' lang='lat' dir='ltr'><strong>istra</strong></span> <span class='ocrx_word' id='word_1_408' title='bbox 1371 4594 1464 4645; x_wconf 84' lang='lat' dir='ltr'><strong>ltaliae</strong></span> <span class='ocrx_word' id='word_1_409' title='bbox 1484 4593 1593 4661; x_wconf 75' lang='lat' dir='ltr'><strong>qsttsu</strong></span> <span class='ocrx_word' id='word_1_410' title='bbox 1610 4595 1739 4644; x_wconf 80' lang='lat' dir='ltr'><strong>terminos</strong></span> <span class='ocrx_word' id='word_1_411' title='bbox 1757 4591 1944 4652; x_wconf 85' lang='lat' dir='ltr'><strong>subsisterent,</strong></span> 
     </span>
     <span class='ocr_line' id='line_1_36' title="bbox 264 4689 1297 4760; baseline -0.003 -17"><span class='ocrx_word' id='word_1_412' title='bbox 264 4693 313 4743; x_wconf 80' lang='lat' dir='ltr'><strong>sed</strong></span> <span class='ocrx_word' id='word_1_413' title='bbox 331 4693 360 4742; x_wconf 87' lang='lat' dir='ltr'><strong>in</strong></span> <span class='ocrx_word' id='word_1_414' title='bbox 378 4692 520 4743; x_wconf 80' lang='lat' dir='ltr'><strong>Germania</strong></span> <span class='ocrx_word' id='word_1_415' title='bbox 538 4706 644 4760; x_wconf 87' lang='lat' dir='ltr'><strong>quoque</strong></span> <span class='ocrx_word' id='word_1_416' title='bbox 660 4689 777 4758; x_wconf 71' lang='lat' dir='ltr'><strong>disjecta</strong></span> <span class='ocrx_word' id='word_1_417' title='bbox 794 4691 938 4742; x_wconf 75' lang='lat' dir='ltr'><strong>eamndeu</strong></span> <span class='ocrx_word' id='word_1_418' title='bbox 957 4689 1074 4741; x_wconf 82' lang='lat' dir='ltr'><strong>soeubea</strong></span> <span class='ocrx_word' id='word_1_419' title='bbox 1094 4690 1297 4743; x_wconf 72' lang='lat' dir='ltr'><strong>invenirentur!</strong></span> 
     </span>
    </p>
   </div>
   <div class='ocr_carea' id='block_1_4' title="bbox 0 0 2222 5648">
    <p class='ocr_par' dir='ltr' id='par_1_5' title="bbox 0 0 2222 5648">
     <span class='ocr_line' id='line_1_37' title="bbox 0 0 2222 5648; baseline 0 0"><span class='ocrx_word' id='word_1_420' title='bbox 0 0 2222 5648; x_wconf 95' lang='lat' dir='ltr'><strong> </strong></span> 
     </span>
    </p>
   </div>
  </div>
 </body>
</html>
